2297 3134
447 121 534 183 Lavit.
551 116 697 196 Xntgoat
960 131 1014 190 err

168 248 189 309 ἕ.
207 260 259 310 349.
279 244 367 300 Eadem
383 239 448 291 enim
461 230 570 285 iliischna
585 229 655 281 tradit
682 220 742 290 tubo
759 233 792 277 tin
811 217 923 277 D'Stdrn
947 234 1015 295 ’noro

105 336 224 377 numu-na
245 333 304 376 nmo
323 330 353 375 'ru
373 324 427 367 intr<
453 317 485 358 Ex
503 307 616 359 Nobilibus
631 304 949 373 Hierosolymacomitabantur
968 321 1015 354 earn

103 399 132 448 ad
145 397 306 446 Taneanacalam
319 396 420 455 primum,
471 383 517 427 ’Aa'
535 382 605 444 denir
624 379 719 431 nullum
741 379 861 431 comitum
879 379 1012 444 vestigium

104 461 209 515 Nullum
223 473 323 528 quoque
333 446 492 506 Tabernaculi
507 446 546 498 vel
556 446 787 499 Tabernaculorum.
838 443 935 495 Ultimis
953 453 1014 495 tem-

105 529 206 593 poribus
220 527 270 576 h'aec
282 519 382 572 demum
400 524 467 565 erant
478 514 620 578 excogitata.
666 513 691 565 Si
703 512 765 562 reite
780 510 906 574 conjetto,
923 525 955 559 ex
967 509 1016 561 iola

106 593 235 645 formidine
252 589 357 640 hostium
374 577 483 632 Eccleiiae
501 576 620 643 judaicae,
635 578 677 643 qui
693 576 845 628 sacerrimum
860 575 927 626 bunc
941 576 1014 625 ritum

104 657 278 708 conternserant
301 652 441 712 &gentem
462 641 585 708 judaicam
603 643 648 693 hac
669 642 795 695 oceafione
818 657 905 692 vexare
923 642 1015 705 cogita-

105 733 163 773 rant.
200 717 308 781 Quando
326 725 406 762 rerum
425 707 517 759 sumnia
534 724 608 774 penes
624 707 720 775 judaeos
735 718 803 760 erat,
823 722 899 757 nemo
914 721 1015 773 quoque

103 786 251 838 nubserat,
267 775 387 842 ejusmodi
402 775 474 825 ritum
486 775 584 840 publico
606 789 729 839 exponere
741 774 854 825 ludibrio.
904 771 1014 834 Quando

103 866 161 901 vero
180 845 359 898 desidiosam,
376 838 482 891 Ethnicis
494 841 580 905 partim
597 838 708 902 sontem,
726 840 814 905 partim
827 838 933 888 immixti
946 839 1015 888 vixe-

3 910 8 919 “
55 933 56 936 ’
98 919 170 970 rant,
189 910 270 974 plures
284 908 308 957 &
322 907 416 957 acerbas
428 903 549 956 illuiiones
560 905 750 970 experiebantur.
785 903 846 968 Syri,
860 902 1013 961 Samaritani„

103 976 206 1026 Romani
221 970 353 1036 graviilrme
369 972 396 1021 iis
407 970 562 1028 obstiterant,
581 979 608 1020 ut
628 976 788 1020 monumenta
801 967 898 1018 abunde
914 967 1013 1020 docent.

105 1040 178 1089 Sicun'
193 1037 267 1088 exstat
289 1039 313 1086 in
325 1035 403 1087 Libris
419 1035 508 1086 ultimis
523 1035 550 1085 V.
565 1033 727 1092 Testamenti,
741 1033 955 1093 Maccahaeorum,
970 1031 1015 1100 Ju-

102 1103 227 1161 deorum,
241 1118 294 1169 quae
305 1116 363 1152 vero
379 1102 499 1152 brevitatis
516 1100 593 1152 {ludin
608 1099 709 1171 transeo

165 1218 186 1274 §.
205 1226 256 1274 350.
276 1211 475 1264 Huici'ormidini
488 1210 595 1263 adscribo
607 1211 693 1278 plura,
709 1226 763 1277 quae
781 1212 805 1262 in
820 1210 857 1261 via
873 1209 1012 1271 tina-erant„

101 1275 216 1342 Tuguria,
266 1276 307 1330 De
323 1292 425 1330 nurnero
442 1278 466 1327 δι
483 1277 591 1328 distantia
605 1277 657 1328 haec
674 1276 747 1328 habet
768 1275 879 1330 Mliebris
898 1282 934 1328 Tr.
950 1281 1014 1341 Jorna

99 1355 150 1418 'Can
165 1368 229 1414 Vra·
255 1375 333 1416 nrnm
352 1372 424 1429 auru
443 1373 484 1415 on
504 1373 600 1419 minen
619 1372 661 1429 aar
674 1374 713 1423 arr
727 1352 858 1416 tibur-ru
877 1372 947 1415 aaran
961 1370 1014 1417 nur

100 1438 142 1489 'itm
165 1425 214 1489 ¹735
236 1442 387 1486 Deseruerant
403 1441 495 1501 Tuguria
514 1435 540 1485 ab
560 1436 701 1498 Hierofirlynra
720 1452 785 1497 terque
804 1435 883 1502 Zaclg,
899 1440 1015 1500 nonaginta

92 1513 170 1574 stadia,
176 1512 253 1573 septem
265 1510 335 1571 stadia
348 1528 395 1560 curn
409 1511 496 1560 dirnialio
511 1510 642 1560 Milliarinnr
657 1511 810 1574 constituerant.
861 1507 885 1558 Si
899 1509 961 1560 teile
977 1509 1015 1572 ju·

101 1574 169 1632 dico,
182 1574 247 1624 nulla
259 1573 428 1639 Tuguriorum
444 1575 532 1627 horum
544 1576 604 1625 ratio
616 1574 666 1625 dari
679 1573 774 1640 potest,
790 1571 806 1623 fi
822 1574 913 1639 excipis
930 1574 1015 1625 formi-

101 1640 182 1691 dinem
194 1638 306 1690 hostium.
343 1640 488 1693 Metuebant
500 1640 666 1703 Judaeilrostes
684 1639 833 1703 Religionis,
850 1655 922 1704 quam
940 1638 1014 1704 proli-

100 1715 188 1762 tentur‚
207 1704 243 1755 rel
257 1704 351 1756 hircum
368 1706 406 1756 vel
424 1706 512 1757 ducem
527 1705 564 1756 vel
581 1715 712 1769 utrumque
728 1705 752 1754 in
764 1703 872 1767 longiori
885 1704 971 1755 itinere
988 1706 1014 1755 in

100 1770 163 1819 iuanr
180 1769 316 1820 redaituros
339 1769 385 1821 elle
400 1771 543 1837 potestatem
561 1771 585 1820 &
604 1779 732 1820 vexaturus
748 1769 777 1819 ad
796 1768 919 1834 publicam
934 1770 1014 1835 gentis

98 1836 265 1900 ignominiam.
322 1834 405 1897 Quare
427 1836 566 1886 ordinarant
582 1834 612 1884 de
631 1834 745 1899 Tuguriis
765 1849 823 1884 eum
838 1835 863 1883 in
879 1833 953 1884 linem
967 1836 1014 1885 eri-

99 1900 198 1965 gendis,
217 1909 245 1951 ut
260 1898 331 1950 eil‘ent
348 1901 449 1951 comites
465 1902 488 1950 δι
503 1899 668 1966 proteitores,
682 1908 734 1949 tum
748 1899 824 1956 hirei,
844 1907 896 1949 tum
907 1899 1013 1951 dudorir

100 1965 224 2028 testesque.
271 1963 317 2014 Sed
332 1964 413 2016 dices:
433 1965 495 2028 Quae
513 1965 573 2014 ratio
587 1963 671 2015 decem
687 1963 877 2028 Tugurioruml
902 1963 1013 2016 Comites

99 2030 209 2080 comitari
222 2038 333 2095 poterant
345 2046 421 2095 usque
440 2030 469 2080 ad
488 2030 618 2080 terminum
639 2030 680 2095 qui
693 2028 849 2094 attingendus
866 2045 873 2091 ;
900 2029 1012 2080 Minime.

100 2094 158 2147 Dies
172 2097 236 2144 eninr
250 2096 393 2160 expiationis
409 2095 523 2147 habuerat
538 2096 590 2158 jura
604 2093 716 2145 Sabbathi
732 2096 776 2144 vid.
788 2095 846 2157 iaafio
866 2109 887 2144 v.
903 2107 939 2152 29.
970 2092 1013 2160 Ju-

99 2160 163 2211 dseus
175 2159 296 2210 adilritius
314 2160 347 2211 est
363 2161 392 2210 ad
406 2159 482 2225 Leges
495 2161 585 2210 itineris
601 2159 736 2211 labbatbici.
798 2159 869 2210 Solus
883 2159 934 2210 dux
953 2159 1013 2211 liber

99 2236 148 2275 erat
158 2226 187 2275 ab
199 2225 244 2275 hae
257 2224 330 2290 Lege.
366 2225 431 2287 Quia
442 2227 507 2276 enirn
518 2225 643 2275 voluntate
654 2225 733 2276 divina
747 2224 842 2276 hircum
853 2226 877 2274 in
893 2224 1012 2276 desertum

8 2336 10 2340 Α
98 2290 218 2340 deducere
233 2292 376 2349 tenebatur,
391 2291 455 2342 haud
473 2290 579 2342 violabat
592 2289 746 2342 Sabbatbum.
797 2289 893 2341 Prorsus
909 2300 936 2341 ut
953 2291 1013 2356 legi-

99 2371 152 2405 mus
166 2354 253 2407 Martie.
268 2355 336 2409 Xlll.
352 2370 371 2418 5.
390 2362 468 2407 Annon
481 2358 553 2422 legistis
570 2362 592 2405 in
606 2362 672 2420 Lege,
687 2357 744 2419 qnod
755 2357 873 2406 Sacerdotes
883 2356 955 2406 diebus
962 2358 1012 2417 fiab-

99 2420 187 2475 barbiois
197 2420 325 2470 Sabbatbaun
336 2423 452 2487 profanent
464 2421 494 2483 &i
505 2436 574 2471 traanen
582 2421 634 2483 saint
645 2421 690 2481 fine
702 2426 793 2471 crinzine.
839 2419 947 2471 Comites
961 2438 1011 2472 nort

99 2483 374 2618 {iiggiiiaiigssecrmm
416 2487 476 2541 Non
496 2489 560 2542 enim
579 2486 650 2553 genili
666 2496 733 2539 erant
751 2486 831 2538 divina
843 2487 872 2537 ab
886 2486 930 2538 lrac
945 2487 1011 2553 Lege

165 2648 188 2710 ς,
204 2662 255 2713 351.
275 2648 310 2702 Ut
323 2664 381 2702 uero
399 2649 450 2705 haec
463 2639 548 2706 redius
565 2650 698 2718 intelligas,
715 2651 773 2705 seito
787 2649 884 2720 Judaeos
899 2666 1010 2726 commu

949 2729 1012 2768 llitei‘
