2297 3134
178 211 233 274 466
518 195 721 268 Desuerificir'r‚

247 313 269 369 ἐ,
285 306 397 361 ..CXCV
405 308 421 360 l.
437 306 496 360 Haec
508 306 643 358 illustratori
655 317 786 358 notamus:
804 305 886 357 Primo
898 322 905 368 ;
920 306 1008 359 Curam
1024 307 1085 371 ignia

182 375 371 436 sacerdotalem
390 376 454 428 Dein
468 374 572 438 primum
588 373 655 438 quod
667 373 812 423 offerebatur
830 378 853 421 in
873 371 1038 423 Tabernaculo
1054 374 1086 423 sa-

184 441 302 492 crificium
320 479 326 498 ,
346 443 402 503 igne
417 438 508 489 coelesli
525 439 649 487 accensum
666 438 739 488 ¹fuisse.
803 439 914 488 Attamen
930 438 1085 503 subsequente

183 516 295 569 ternpore
310 508 390 570 ignem
406 512 488 556 otiati,
505 513 530 552 ut
547 503 654 567 Magistri
668 511 771 560 vocant,
791 501 837 552 five
855 521 980 552 enarmonion
994 519 1024 552 ex
1041 505 1086 568 lig-

181 574 220 622 nis
234 570 362 622 combustis
374 568 487 617 alendum
502 566 575 618 luisse.
624 567 699 618 Porro
710 568 849 619 Sacerdotes
862 568 950 618 solicite
964 571 1085 620 attendere

181 636 305 693 debuisse,
323 650 352 684 ne
370 649 477 699 unquam
491 634 553 697 iguis
565 635 589 682 in
606 649 644 684 ara
662 636 855 699 extingueretur,
873 635 931 698 quin
948 635 1035 698 jugiter
1050 652 1085 686 ar-

184 702 258 752 deret.
308 698 422 749 Praeterea
440 699 504 749 hune
518 700 541 747 in
559 697 632 748 finem
653 699 715 763 ligna
735 702 757 747 in
777 715 839 748 ararn
856 699 973 763 portanda
991 716 1018 750 ac
1039 703 1085 752 rite

183 765 331 831 disponenda
343 762 429 821 soille,
443 774 470 813 ut
483 779 538 814 caro
552 765 573 813 ei
585 764 646 814 'sacra
658 763 843 814 consumeretur.

247 861 271 921 js.
284 860 436 913 CXCVII.
458 861 599 926 Specialiora
616 861 688 918 sunt,
715 878 767 926 quae
782 861 932 912 Traditiones
952 863 1085 914 continent.

182 927 240 980 Stil.
259 927 348 992 ligna,
360 941 465 991 quorum
480 928 504 975 in
522 942 558 975 ara
574 926 643 990 usuc,
661 926 801 977 l'eletlillima
818 927 888 992 posci.
925 928 1007 988 Quem
1019 930 1043 976 in
1060 928 1086 978 li-

185 1009 242 1044 nenr
256 994 280 1041 in
294 990 421 1041 mulierum
435 992 495 1041 atrio
512 990 579 1041 fitam
594 1002 642 1039 erat
656 993 761 1053 lintamina
775 996 882 1048 coritiana⁵
898 994 937 1042 ubi
948 993 1086 1044 Sacerdotes

151 1074 154 1080 ’
183 1059 216 1109 ad
227 1058 300 1107 altare
315 1057 347 1106 ob
361 1057 416 1105 vitia
435 1057 544 1121 corporis
559 1057 664 1106 inidonei
679 1056 742 1120 ligna
760 1059 944 1120 perquirebaot,
964 1059 1048 1107 cariosa
1060 1072 1087 1109 ac

184 1125 258 1174 etiarn
278 1121 441 1171 deruolitionis
456 1121 624 1187 seponebant,
641 1137 702 1170 nora
721 1132 833 1175 tantona,
859 1138 932 1186 eaque
950 1124 1026 1172 oleola
1040 1161 1046 1178 ‚
1061 1133 1088 1173 ut

186 1202 383 1242 maldonatum,
400 1186 488 1236 ficuum
500 1188 679 1243 recentiorum,
698 1187 729 1234 ita
743 1186 934 1241 destinabantur
949 1197 1026 1236 tamen
1039 1189 1085 1244 illa,

186 1268 240 1319 quae
257 1251 332 1302 cultui
348 1261 414 1302 terrae
427 1251 555 1301 israeliticae
571 1250 685 1300 damnum
702 1249 850 1306 intulissent,
871 1266 920 1301 non
938 1253 1088 1303 arlhibuerint

183 1335 441 1450 &maallafflnatna
461 1338 528 1383 aaron
548 1325 605 1394 Cap.
623 1328 665 1381 VI.
682 1342 704 1379 a.
726 1327 778 1380 Vll.
800 1342 820 1389 a.
842 1330 909 1379 &tr
935 1342 1026 1383 naraon
1045 1341 1088 1384 no
1122 1346 1124 1349 ·

219 1410 243 1460 p.
320 1431 324 1443 .
356 1430 362 1442 .

248 1490 272 1550 §-
288 1488 454 1543 CXCVll‘s.
473 1497 504 1541 ra
518 1505 631 1541 atrianorum
653 1491 750 1542 Coriolani
763 1493 818 1556 ligna
834 1493 863 1544 ars
876 1510 934 1541 aram
946 1492 1089 1555 turusferenda

175 1571 253 1625 serario.
289 1554 346 1606 Haec
356 1572 413 1606 vero
426 1557 546 1606 tranalatlo
560 1556 609 1605 fieri
626 1573 724 1620 quoque
739 1567 832 1620 poterat
849 1572 889 1620 per
903 1558 1012 1607 homines
1027 1557 1089 1606 aSa-

176 1621 414 1677 ‘'acerdotioalienoc,
431 1636 480 1669 non
496 1621 563 1682 quod
577 1621 601 1667 hi
614 1620 687 1682 ipsam
702 1636 764 1669 aram
778 1621 953 1671 conscendendi
968 1621 1089 1671 licentiam

186 1687 314 1736 lrabuerint
324 1683 363 1734 sed
380 1684 534 1749 ligneosque
551 1684 655 1734 adaram
670 1683 763 1733 nonnisi
778 1684 908 1734 attulerant.
961 1687 1090 1735 allaterat-nde

185 1750 322 1801 recensente
335 1764 410 1798 -niane
427 1748 613 1813 disponebantur
629 1747 709 1811 ligna,
726 1758 796 1814 atque
815 1750 839 1797 in
856 1749 921 1799 altari
935 1748 1029 1800 summo
1048 1766 1090 1800 ex-

185 1816 319 1866 struebatur
330 1829 404 1877 rogus
414 1815 509 1877 ingena.
544 1811 607 1862 Corn
619 1812 730 1863 sacrificio
740 1814 792 1877 jugi
804 1816 921 1864 matutino
931 1817 1089 1880 apportaban-

187 1891 225 1931 tur
242 1880 291 1929 duo
308 1878 367 1942 ligni
382 1878 508 1942 segmenta.
543 1876 657 1927 Totidem
668 1893 724 1928 cuna
740 1880 791 1941 jugi
803 1877 944 1942 vespertino.
992 1878 1089 1930 ssorum

185 1945 310 2010 lignorum
322 1945 346 1993 lu
359 1959 397 1993 ara
407 1942 526 2007 dispostio
539 1941 685 1993 iaSacerdote
697 1953 790 1993 tantum
802 1946 921 2007 agebatur.
933 1959 953 1995 r.
968 1954 995 2001 tr.
1011 1954 1088 2012 intuta

187 2012 245 2076 cap.
261 2008 289 2060 ll.
304 2021 325 2058 a.
338 2022 357 2068 3.
374 2008 398 2058 dt
415 2018 442 2058 tr.
458 2017 549 2075 maana
564 2017 626 2058 nau
641 2007 697 2073 Cap.
712 2007 756 2060 tat.
777 2021 797 2069 5.
811 2015 833 2058 6.

254 2106 274 2165 ἕ.
291 2104 426 2157 CXCIX.
446 2104 538 2156 Eodem
553 2104 669 2169 Magistro
684 2114 848 2164 memorante,
869 2120 911 2156 tres·
920 2107 1006 2171 fingatis
1022 2108 1089 2156 [tiebat

187 2177 234 2236 rogi
246 2178 268 2219 in
278 2189 315 2219 aaa
328 2171 490 2232 eastrrrelanuar.
532 2169 602 2221 Unus
616 2172 702 2235 ingens
717 2172 749 2222 ad
767 2171 913 2223 adolendum
931 2172 1037 2222 sacrificia
1052 2174 1089 2235 ju.

187 2239 240 2301 gia,
256 2235 353 2299 aliaque.
396 2235 461 2285 Alter
473 2237 498 2284 in
514 2235 581 2285 usum
598 2233 731 2286 suffimenti.
767 2235 862 2286 Tertius
877 2238 907 2286 ad
928 2236 1020 2285 nullum
1041 2247 1089 2286 erat

186 2302 263 2351 usum.
299 2299 332 2349 lta
345 2298 438 2349 nonnisi
453 2299 624 2349 observandum
637 2300 755 2352 erat-illud
767 2310 913 2366 praeceptum
925 2303 953 2350 de
967 2303 1023 2365 igne
1037 2317 1090 2366 pero

187 2378 264 2432 petato
272 2364 367 2415 alendo.
382 2373 409 2414 tr.
425 2374 502 2425 statutt
517 2363 573 2428 Cap.
589 2363 617 2413 ll.
633 2377 652 2424 5.

254 2469 274 2523 ἓ.
293 2461 346 2513 CC.
364 2464 444 2511 Sosicite
459 2461 598 2524 adflirretrdrmr
608 2460 698 2521 erutfirs
706 2474 765 2524 pratia
776 2462 924 2513 verberationis
938 2464 1027 2528 asignia
1040 2483 1088 2520 naar.

187 2529 282 2580 carbonis
295 2543 375 2590 aaronita
391 2527 490 2588 destrunt,
505 2528 636 2588 eatirrdroue.
672 2524 734 2585 Quo
748 2528 889 2579 credibiliter
906 2530 988 2581 alludit
1006 2528 1090 2580 Patrius

189 2610 209 2644 r.
221 2594 292 2644 Thes.
306 2592 334 2642 V.
350 2607 385 2649 19·
419 2592 492 2655 Aqua
504 2591 624 2641 severitate
635 2591 744 2640 eximunt
756 2591 862 2659 Magistri
872 2595 925 2646 alias
939 2597 999 2660 ignis
1011 2595 1089 2643 exem.

187 2659 278 2712 diones
293 2658 331 2710 rel
343 2660 367 2709 in
380 2672 417 2710 aaa
426 2656 495 2710 satias
510 2672 532 2710 r.
544 2667 572 2709 tr.
588 2671 607 2708 c.
624 2656 649 2705 ta
665 2671 684 2707 c.
695 2657 733 2708 cit.
749 2660 802 2718 §.d
894 2659 896 2662 ’
