2297 3134
469 169 552 232 Lavit,
565 165 659 222 XVI.
674 178 701 235 7.
1004 184 1052 233 123

141 281 188 329 beo
201 288 246 342 pto
262 294 308 329 rina
322 278 453 342 eademque
472 266 549 346 ampb
570 281 684 338 acceptione
698 272 790 323 habere.
853 271 921 324 Prior
936 274 974 325 illa
989 289 1010 323 v.
1029 287 1048 333 ς,

142 342 236 406 respicit
255 350 388 407 acceptionem
409 342 509 393 enrauu
529 339 650 395 treenta,
670 337 708 388 sed
723 338 773 388 haec
788 352 808 386 v.
825 348 847 396 7.
866 354 898 387 ex
911 339 989 396 Ioco,
1008 341 1066 390 ubi*

141 408 200 456 hirci
215 422 271 456 cum
287 410 358 459 ariete
380 416 452 457 erant.
489 402 542 453 Post
555 406 720 470 acceptionem
736 419 756 451 v.
774 416 793 461 5.
813 401 929 452 tlltaronis
948 414 995 454 erat
1010 405 1047 465 ju

140 487 244 521 vencum
263 476 363 537 propius
380 475 403 521 in
427 469 579 535 conspeslum
594 469 639 520 Dei
658 468 782 519 adducere.
836 466 988 517 noeumane
1003 469 1047 520 hac

139 536 195 586 satta
211 539 306 597 jubetur
326 538 385 587 dum
403 539 480 587 lriroos
498 535 589 583 tursum
610 535 701 584 sttraaere
720 532 732 583 le
753 533 823 589 loco,
843 533 867 581 in
891 548 942 596 quo
959 532 1046 583 hucus-

139 617 186 666 que
200 613 282 660 esurit,
302 604 424 664 &Ilirtuere
444 608 465 650 itt
484 601 615 662 Cotrfpechnr
631 605 668 647 Dei
684 600 713 646 acl
730 601 800 662 asilum
814 602 902 646 tentorii
921 603 1045 648 Coniuratis·

138 668 196 715 Vox
216 678 292 730 noun
312 665 548 732 praeterquamquod
570 663 665 728 insuper
682 665 744 714 varie
762 662 917 719 adlribeatur,
935 670 1047 713 notanter

139 732 225 782 dicitur
243 731 273 781 de
287 730 394 781 Personis
414 733 438 781 &
452 730 549 780 vitlirnis
565 731 590 778 iu
609 728 666 779 loco
682 729 780 793 pubisco
802 727 868 778 sacro
880 729 912 776 ita
932 726 1047 779 constitu·

139 799 186 851 tis,
204 805 231 846 ut
244 796 256 846 it
270 807 336 847 coetu
351 796 456 862 conspici
470 804 577 859 queant,
596 792 688 860 fuitque
708 809 788 844 corant
807 793 866 843 facie
882 791 931 843 Dei
948 808 969 842 v.
988 790 1044 843 Lev.

137 859 206 913 XIII.
220 876 255 911 rt.
275 860 349 911 Num.
365 860 394 910 V.
410 870 445 918 18.
470 858 582 926 Expresso
594 858 616 909 h.
637 859 652 909 l.
669 877 738 909 eornm
750 860 806 923 fierit
820 858 904 921 jehova
918 856 985 920 (ed)
1002 861 1047 921 msi-

138 945 173 975 unt
187 931 274 994 tentorii
289 931 412 976 Communis.
431 950 438 959 r·

200 1040 222 1097 §.
240 1049 291 1085 102.
310 1034 390 1086 Locus
410 1037 488 1102 primo
506 1037 651 1101 exprimitur
673 1029 724 1087 arar
744 1028 794 1086 nab
813 1042 836 1085 r'n
855 1036 987 1098 Cotrspniimn
1008 1042 1044 1098 Ja‘

131 1099 197 1159 ,laona
210 1116 212 1119 ·
227 1100 292 1163 Quia
302 1100 428 1152 hircilleo
438 1100 566 1153 consecrati
583 1110 650 1152 erant
664 1138 671 1158 ,
694 1117 790 1167 aequum
803 1110 830 1152 ut
844 1102 868 1150 in
881 1099 1044 1167 Conspesiunt

137 1167 186 1228 ejus
202 1167 354 1223 ducerentur,
363 1166 411 1216 illic
425 1182 467 1217 ceu
480 1166 507 1216 ad
521 1165 602 1217 Deum
617 1168 763 1230 pertinentes
778 1165 919 1216 fillerentur.
953 1164 1044 1217 *Idolo-

134 1232 198 1281 latrac
214 1233 296 1281 omnia
312 1247 345 1288 ea,
357 1247 409 1296 qttae
421 1231 492 1281 Idolis
507 1232 551 1280 suis
566 1231 712 1281 destinarunt
727 1270 733 1289 ,
752 1232 780 1281 ad
798 1231 907 1282 Delubra
922 1232 946 1280 io
963 1230 1043 1281 hono-

130 1304 183 1345 rem
196 1313 282 1346 eorum
301 1296 415 1345 exstructa
429 1295 511 1345 afferre
534 1295 619 1346 solent.
654 1295 680 1345 ln
692 1298 718 1346 iis
732 1296 793 1347 sacra
805 1305 964 1361 peraguntur,
978 1294 1041 1347 Tro·
1057 1313 1060 1318 ’

130 1361 198 1427 ‘pluto
214 1360 388 1425 suspenduntur
403 1362 450 1411 &cl
472 1376 500 1410 eo
512 1360 575 1415 fine,
592 1371 619 1410 ut
632 1361 740 1410 testatum
757 1363 856 1418 saciant,
871 1360 969 1418 consta,
989 1376 1043 1426 quac

130 1426 169 1475 'vel
180 1425 304 1480 adserunt,
323 1425 360 1489 ncl
373 1425 421 1475 ttttc
437 1435 527 1489 agunt,
547 1424 632 1489 gloriae
647 1428 770 1483 nuptiale,
795 1425 863 1491 quod
882 1425 958 1475 aedem
976 1425 1041 1475 illam

132 1490 264 1546 inhabitat,
280 1489 432 1540 illustrandae
442 1489 556 1540 inservire.
609 1488 676 1539 Vero
689 1488 746 1540 Deo
763 1490 840 1541 cultus
859 1491 928 1540 ononi
945 1491 969 1539 in
984 1490 1042 1541 loco

131 1554 229 1618 quidem
244 1554 352 1604 exhiberi
377 1550 472 1619 potest,
491 1557 583 1620 quippe
604 1554 644 1604 ille
664 1554 850 1620 ortruipraeseus,
869 1555 928 1606 ltine
945 1555 969 1605 &
987 1568 1042 1607 ante

130 1621 156 1669 δι’
165 1621 218 1683 poll
230 1618 322 1684 Legem
336 1622 435 1684 genuini
449 1619 561 1670 Cultores
578 1619 638 1669 nulli
659 1619 747 1684 alligati
761 1632 827 1671 erant
845 1621 903 1671 Ioco
919 1636 926 1681 ;
944 1619 1041 1671 Nihilo-

130 1685 208 1734 minus
226 1685 268 1734 sub
290 1683 356 1749 Lege
371 1683 426 1735 Deo
438 1685 504 1734 aliter
519 1684 595 1734 visum
609 1685 657 1735 est:
678 1683 745 1735 Unus
760 1685 843 1750 aliquis
859 1684 980 1735 sacrorum
995 1701 1041 1749 pu-

52 1783 54 1788 »
129 1748 206 1799 blicua
219 1750 386 1800 destinabatur.
437 1749 510 1800 Hunc
521 1765 608 1800 ottones
623 1750 703 1806 adire,
721 1753 745 1800 iu
765 1750 807 1800 illo
825 1751 939 1807 adorare,
957 1749 1041 1800 sacrifi-

129 1819 182 1872 care
191 1815 215 1864 &
226 1813 360 1864 solennium
373 1813 562 1879 adReligionenr
574 1816 716 1878 pertinentia
730 1831 798 1880 agere
815 1816 937 1866 debebant
951 1813 1041 1866 :Hunc

128 1878 213 1936 Deua,
230 1880 370 1945 quantitas
385 1879 441 1929 coeli
459 1880 580 1930 coelorum
595 1895 644 1930 non
661 1883 804 1936 continent,
820 1880 954 1946 symbolice
972 1880 1041 1930 inho*

128 1944 222 2001 bitabat.
270 1943 297 1993 lu
315 1943 474 2007 Conspectum
496 1947 569 2009 igitur
587 1942 657 2007 hujus
674 1944 767 1994 tuendi
787 1960 887 2011 quoque
905 1953 972 1996 erant
990 1944 1040 1995 duo

127 2008 161 2058 illi
178 2007 237 2058 ltirci
247 2010 254 2065 ’,
272 2017 345 2073 atque
364 2007 409 2058 hac
426 2011 516 2059 sarlone
532 2009 668 2058 fatebantur
682 2009 786 2059 Israelita}
803 2010 962 2060 se-neminem
981 2024 1041 2074 prae-

127 2083 163 2124 ter
175 2071 258 2124 Deum
272 2072 416 2128 Abrahmni,
436 2074 501 2136 cujus
518 2073 568 2122 hac
582 2072 729 2130 detumuit,
749 2074 827 2125 colere
841 2112 849 2132 ,
867 2074 971 2124 ultumas
991 2076 1040 2139 pia-⁴

127 2151 216 2202 culares
231 2151 272 2201 1111.
283 2150 325 2202 soli
338 2150 442 2209 offerre,
469 2153 509 2216 qui
523 2151 586 2202 solus
603 2161 684 2206 riuum
706 2159 765 2219 ptiar
787 2165 818 2220 pt
837 2166 889 2208 tent
911 2156 982 2219 prefert
1000 2162 1041 2204 iai-

125 2234 248 2357 prg'rargm,
267 2230 401 2294 desertionem
418 2230 447 2289 ἓξ
458 2243 572 2296 percarum.
594 2227 671 2281 Exod.
686 2228 809 2284 XXXIV.
824 2244 847 2293 7.
866 2232 933 2284 confi
951 2232 1039 2285 Matth.

161 2451 162 2454 ,
190 2403 212 2460 b,
233 2416 285 2465 roa.
305 2403 386 2462 Locus
403 2405 457 2457 dein
474 2405 595 2470 specialius
610 2405 752 2471 exprimitur
770 2414 827 2470 trun
849 2406 904 2458 butt
923 2411 1039 2467 euaristi-

124 2473 260 2517 tentatoria·
273 2474 396 2520 Conventus.
415 2471 539 2523 Manifesta
556 2472 590 2522 eil
604 2471 689 2537 eIIIpsrs
701 2473 822 2537 particulae
839 2459 874 2524 ltu
885 2473 926 2524 Lvel
945 2471 1038 2528 finniIis,

123 2532 219 2591 qualern
240 2548 340 2596 quoque
364 2539 451 2599 reperis
479 2536 567 2588 Genea.
583 2536 673 2589 XVIII.
693 2551 712 2586 1.
743 2537 816 2589 XIX.
833 2553 869 2588 11.
893 2535 982 2590 XLIII.
1001 2544 1037 2592 18.v

126 2595 203 2647 Enod.
225 2595 350 2649 XXXIII.
364 2606 384 2654 8.
410 2600 560 2654 simillimam
578 2601 654 2653 Enod.
668 2600 767 2654 XXIX.
784 2618 820 2652 11.
856 2601 1040 2668 Vulgatussup-

128 2661 179 2725 piet
188 2677 233 2729 per
245 2668 275 2715 in.
287 2659 370 2718 LXX.
383 2678 428 2735 per
441 2665 500 2733 rapot
510 2669 656 2786 ‘'P“‘IXIIZW'
673 2665 866 2736 Phrasrs'integra
879 2665 1040 2785 casteggio}
