2380 3134
232 157 245 181 0
290 145 532 214 PRAEFATIO
573 144 803 205 AUCTORIS.

98 294 173 346 riam.
193 285 225 344 V.
240 284 266 360 s.
281 287 312 352 58
324 319 332 329 ·
345 287 387 341 66.
406 287 432 339 &
446 285 560 337 maxime
578 273 645 333 infra
659 272 685 346 ἕ.
701 280 768 342 ς88-
781 284 841 349 59].
884 277 1005 334 Momen.

98 395 153 453 tosa
173 395 207 451 ess
224 395 303 451 altera
327 390 542 449 Lev.rrVr.1o.
559 377 609 462 1259
627 385 712 450 anni,
732 382 795 458 quid
811 383 857 439 fibi
870 383 936 440 velit
949 384 1002 442 haec

99 503 195 563 Phrafis
211 506 222 565 ἒ
242 500 366 564 Ostendi,
382 498 491 552 Hirrum
505 492 539 550 ad
555 490 655 547 Azazel
673 489 799 566 intelligi,
817 489 872 569 scil.
885 491 929 547 hic
945 506 1004 548 rum

98 610 169 670 socio
183 606 257 667 antea
276 607 356 663 fartus
369 603 405 661 est
414 598 566 677 sacrifitium
579 613 627 674 pm
640 597 744 656 Petram
763 638 772 665 ,
811 597 879 655 unde
901 599 925 654 ei
945 598 1006 656 fuis·

97 717 134 777 set
160 714 335 774 moriundum.
404 710 444 767 At
476 709 538 786 quia
559 707 643 765 socius
665 710 789 765 mallatus
808 703 842 764 nd
856 703 1006 782 expiandum

97 812 174 888 harant,
197 820 316 876 hinchic
334 813 454 892 expiatus
474 816 551 874 vivus
568 814 704 875 manserat.
742 817 825 874 Unde
840 815 1005 873 fortissimum

98 931 181 986 oritur
197 928 389 1002 Argumentum
409 944 457 1001 pro
473 923 601 1001 Mysserio
619 946 626 985 ς
654 924 764 981 Hirrum
784 926 819 979 nal
836 920 934 980 Azazel
952 941 1008 980 non

98 1034 169 1112 polle
186 1034 270 1092 fislere
287 1034 421 1091 Christum
440 1032 585 1108 patientem
599 1051 649 1107 pro
666 1032 763 1098 nobis,
784 1029 826 1088 sed
842 1030 1008 1105 justificatum

98 1144 228 1201 advitam
239 1159 362 1200 aternam
375 1140 402 1214 §-
420 1149 479 1211 127.
500 1143 526 1197 δι
535 1138 571 1196 in
587 1142 720 1217 Antitypo
731 1139 758 1213 s.
771 1144 835 1209 603.
847 1143 909 1208 647.
935 1143 1008 1213 Ejus-

98 1251 159 1308 dem
175 1251 278 1324 generis
295 1251 331 1306 est
347 1232 425 1305 tertia
444 1250 508 1307 Lrv.
534 1248 613 1306 lsVl.
633 1262 676 1309 10.
706 1247 827 1305 dimittere
845 1246 957 1306 brianum
975 1242 1011 1303 ad

99 1355 203 1416 Azazel.
244 1359 289 1414 An
303 1355 399 1413 Phrasrs
410 1356 464 1413 haec
478 1356 572 1412 inserat
588 1357 704 1412 Mortem
723 1361 749 1413 δε
771 1356 1008 1430 Pracipirationem

100 1467 175 1521 Hirci
191 1465 223 1520 de
241 1483 312 1539 rupe,
333 1463 405 1540 quod
422 1461 577 1520 falstffinrum
601 1464 774 1537 posteriorum
795 1461 1008 1539 Judaorum‘fig·

99 1589 215 1630 mentum
233 1573 294 1628 est?
314 1570 487 1629 Contrarium
507 1570 641 1628 clarissime
662 1570 796 1646 probavi,
814 1573 899 1647 utita
919 1572 1009 1630 denuo
1106 1649 1108 1652 y

71 1670 77 1690 ⁸
98 1688 219 1737 evincam
234 1675 343 1736 Hirrum
368 1679 438 1738 hunc
459 1679 567 1736 minime
591 1696 683 1736 notare
703 1679 829 1737 Passtones
850 1685 877 1738 δι
892 1684 1009 1737 Mortem

100 1788 209 1854 Christi,
227 1788 270 1845 sed
281 1787 506 1861 Justificationem
513 1790 619 1864 plenam
637 1787 785 1846 libertatem
801 1793 862 1862 ejus,
879 1808 937 1846 cnm
956 1789 1012 1864 ple·

101 1897 172 1952 naria
193 1894 348 1952 Remisltone
367 1900 393 1952 &
406 1895 551 1954 Oblivione
566 1902 683 1954 onmium
694 1901 879 1964 Peccatorum,
906 1897 968 1956 Vid.
985 1896 1013 1970 ὅ.

103 2010 154 2060 128
166 2038 178 2048 -
190 2013 249 2065 131.
269 2021 318 2058 nec
333 2021 386 2058 non
406 2013 458 2065 342
470 2038 480 2047 -
494 2013 554 2077 344.
569 2009 596 2060 δε
611 2009 670 2070 358.
687 2016 747 2070 359.
787 2010 887 2080 Qrarta
905 2024 958 2062 non
973 2005 1010 2063 le·

102 2117 142 2169 vis
155 2110 270 2186 Qaessio
282 2109 316 2166 ae
334 2109 376 2166 die
391 2110 566 2186 Expiationm.
604 2113 638 2168 C.
653 2107 735 2167 Gossl.
750 2111 841 2185 Karnig
857 2113 1017 2171 determinat

21 2224 23 2227 ’
102 2221 183 2277 Diem
195 2217 261 2276 Tisii
276 2236 384 2276 nonum.
422 2193 524 2277 Mustea
539 2220 575 2277 est
593 2220 701 2296 opinio,
721 2220 843 2278 destituta
857 2221 1014 2280 Rationibua

102 2303 171 2385 &ut
192 2328 298 2386 videtur
322 2329 431 2386 inventa
446 2326 524 2387 solius
537 2326 726 2405 Hypotheseos
739 2330 821 2403 gratia
840 2329 865 2403 ὅ.
881 2341 943 2394 419.
964 2331 1012 2387 So-

103 2436 129 2493 la
149 2435 250 2493 decima
264 2437 301 2494 est
322 2436 430 2497 definita
450 2437 484 2495 ad
498 2438 681 2512 Expiationem
701 2436 840 2499 solennem.
897 2440 961 2495 Non
976 2437 1013 2496 ita

103 2545 206 2620 pridem
227 2543 334 2624 quidem
355 2546 409 2622 legi
429 2547 599 2606 Venerandum
617 2546 793 2621 Marpergar,
813 2547 846 2604 de
864 2546 1013 2622 Theologia

103 2634 220 2731 Tynna,
234 2653 368 2739 speciatim
382 2654 516 2717 Sacrificio
532 2655 657 2733 maculari
672 2654 784 2715 solennis
792 2655 957 2731 Expiationis
970 2674 1017 2730 op-

530 2743 551 2798 B
566 2748 580 2804 3
952 2736 1016 2797 tima
