2297 3134
154 192 208 256 426
508 179 551 236 Di
565 179 725 251 Sucii'iici'i'i,²

155 292 179 341 ni
189 289 352 342 testimonium
367 304 416 339 non
432 289 587 354 ertpnniatui.
622 281 670 342 Vel
683 305 712 341 an
724 287 828 355 illijuffi,
843 289 868 342 hi
882 287 958 357 injulll
968 307 999 343 eii
1014 290 1065 344 solo

152 355 282 417 ditlamine
295 357 391 406 rationis
409 355 550 406 obtulerunt
563 354 572 404 l

220 454 240 514 ἕ,
261 453 346 504 vlit·
360 455 399 510 2.)
413 451 487 510 Abel,
505 455 576 517 cujus
590 451 732 507 sacrificium
750 453 884 505 recensetur
909 454 971 506 Gen.
984 455 1024 507 tv.
1040 471 1063 520 4.

155 521 274 581 Apostolo
285 518 432 581 explicante,
452 519 524 575 risen,
530 520 578 581 fidi
589 520 673 576 obtulit,
693 520 847 583 contentiusque
858 524 885 581 est
899 521 996 569 divinum
1009 540 1065 571 min-

150 589 259 651 placentie
270 587 411 648 testiinonium.
429 581 504 633 Hebt.
519 583 565 635 Xl.
578 598 600 646 4.
616 583 684 635 cons.
710 584 783 636 Num.
802 583 871 636 XVI.
886 599 922 643 15.
941 585 1009 636 Fides
1023 603 1065 638 au·
1083 641 1085 643 ,

155 664 202 702 tem
219 650 379 716 praesupponit
391 650 490 699 verbum
504 647 552 701 Dei
563 649 633 700 Rom.
642 648 674 701 X.
689 665 723 710 17.
740 648 795 715 Joh.
805 649 842 699 lll
857 662 892 708 33.
904 649 1021 707 Maxime,
1037 661 1065 703 ut

155 718 179 766 iii
190 732 254 765 nexu
265 713 410 767 describitur.
429 713 502 764 Hebi.
517 714 563 766 Xl.
584 730 603 765 1.
620 728 640 774 3.
654 728 675 776 4.
693 713 722 766 Et
757 715 813 765 ualli
823 725 871 772 etat
884 714 983 773 Enochi,
998 716 1065 767 Noa-

153 781 207 838 chi,
226 779 366 830 Abraham,
382 778 550 844 aliorumque,
570 782 611 845 qui
628 781 660 829 ibi
673 732 829 831 recensentur.
864 779 939 829 Etiam
957 782 1064 831 testiino-

153 849 221 896 nium
232 846 349 900 divinum,
359 845 427 909 quod
442 844 597 908 probabiliter
613 845 740 908 ὲμπυρισμδς
756 856 820 903 erat,
836 845 888 905 suti
899 844 978 911 plures
987 843 1064 911 Judaei

153 910 314 962 &Christiani
330 908 453 969 fatentur)
472 925 523 959 nou
537 910 635 959 rationis
651 909 768 961 distamen
785 909 824 961 sed
836 910 978 977 obsequium
996 926 1064 963 man·

152 976 199 1027 dati
214 975 288 1026 divini
302 974 410 1026 involvit.
427 989 449 1024 v.
467 972 524 1025 Lev.
540 971 584 1024 lX.
598 985 636 1034 24.

218 1074 240 1133 ἕ,
257 1072 306 1124 ΙΧ.
325 1074 359 1132 3.)
378 1070 567 1123 Melchisedecns
578 1081 677 1121 vocatur
687 1065 742 1137 {ibt
751 1054 803 1123 buli
818 1072 1060 1136 tuszen.XlV.18.

151 1138 223 1202 ‘stessi
236 1143 264 1185 τὲ
276 1140 318 1185 oei}
333 1139 409 1197 stlat·
427 1136 501 1198 Echi.
516 1137 567 1187 Vll.
584 1151 602 1185 1.
638 1137 734 1185 Sacerdos
747 1141 789 1185 Dei
798 1138 889 1197 astfflnii'
898 1173 903 1192 ‚
919 1139 965 1189 slve
981 1138 994 1189 st
1007 1139 1063 1189 Deo

152 1205 350 1261 constituerunt
362 1201 503 1253 sacrificaret.
523 1202 548 1252 ld
564 1201 631 1266 quod
646 1201 743 1250 liriniter
761 1200 935 1260 confirmatur,
952 1204 1063 1269 eoquod

152 1270 316 1345 Sacerdotium
334 1268 387 1345 Jesu
400 1268 486 1342 Christi
504 1279 590 1342 aeterna
606 1265 677 1316 Patris
697 1267 1063 1384 εὐὲκίζῖεᾞίὶὲῑυξῗᾞεξὲᾒὲἷ-

150 1330 717 1462 bbssetblbcbirsblssisssiblcssbisstsbasssetlsabiffisbobb
728 1348 840 1447 ssivltor'
848 1361 920 1460 jussus
932 1363 1063 1451 secundum

150 1467 260 1518 ordinem
274 1466 324 1529 ejus
336 1464 384 1515 dici
398 1461 493 1530 posset?

217 1565 238 1622 §.
258 1563 291 1614 X.
309 1563 349 1623 4.)
363 1559 439 1625 anus
448 1561 478 1610 de
490 1561 568 1611 liberis
582 1559 686 1609 solicitus
700 1557 826 1623 piacularia
839 1573 884 1621 pro
898 1559 943 1609 illis
953 1559 1017 1609 rsacra
1028 1560 1063 1610 se·

151 1631 191 1680 cit.
210 1627 265 1694 Job.
279 1627 295 1677 l.
312 1641 332 1686 5.
366 1625 514 1688 Euspetlavit
534 1639 593 1688 eigo
609 1627 702 1672 veniam
717 1632 872 1684 peccatorum
894 1623 1063 1675 sacrificiorum

152 1695 281 1745 oblatione.
318 1692 354 1742 ilii
366 1706 424 1739 vero
436 1692 470 1738 vir
484 1689 572 1754 sapiens
588 1687 629 1737 fibi
642 1688 782 1751 promittere
792 1687 882 1750 potest,
899 1686 980 1738 Deum
996 1687 1062 1752 spiri·

149 1771 202 1811 tuni
218 1766 314 1823 peccata
335 1756 531 1805 condonaturum
552 1753 585 1802 ob
605 1753 772 1801 initiationem
798 1751 896 1803 bellice?
917 1751 977 1803 Noti
991 1763 1060 1818 puto.

151 1824 215 1890 Ergo
226 1823 371 1873 innitebatur
386 1819 494 1885 gratiose
509 1817 648 1870 revelationi
658 1815 777 1866 Numinis.

215 1921 235 1979 s.
251 1919 299 1972 Xl.
321 1920 360 1980 5.)
378 1918 428 1979 Qui
440 1917 469 1967 ab
484 1932 530 1966 uria
550 1924 615 1980 parte
627 1921 733 1964 naturam
750 1911 813 1970 Dei,
827 1912 928 1978 Spiritus
942 1914 1060 1980 snpientia,

150 1990 178 2039 ab
190 1987 261 2038 alteia
277 1987 393 2034 rationem
411 1982 510 2032 vitlinitn
520 1979 676 2035 irrationalia,
693 1979 742 2040 ejus
762 1994 871 2036 carnem,
883 1978 948 2036 ossa,
968 1980 1062 2044 langui.

149 2069 220 2108 neiii,
238 2051 367 2101 violentam
383 2058 487 2098 mortem
502 2047 546 2097 &c
565 2046 676 2096 attentius
694 2043 810 2107 pensitat,
833 2044 872 2092 ille
890 2046 947 2095 inde
963 2048 1061 2096 criden.

149 2118 233 2169 tissime
246 2113 390 2179 cognoscet,
407 2114 506 2178 gratiam
518 2112 542 2160 ἃ
553 2109 774 2161 reconciliationem
782 2108 900 2160 >Numinis
912 2121 990 2161 morte
1003 2112 1061 2162 biu-
1083 2125 1084 2128 ’

150 2186 166 2234 ti
184 2198 233 2231 non
249 2179 345 2244 acquiri.
381 2180 462 2239 Quare
478 2176 647 2242 &Scriptores
667 2174 723 2223 satri
751 2172 806 2224 Psal.
823 2173 849 2224 L.
867 2188 902 2233 13.
921 2173 966 2239 Jes.
987 2174 1003 2225 Ι.
1021 2189 1056 2227 12.

151 2246 279 2311 &profani
292 2244 374 2293 stultos
386 2259 426 2290 eos
438 2241 553 2298 habuere,
571 2244 612 2307 qui
625 2241 764 2306 opinantur,
780 2237 862 2290 Deum
873 2239 943 2289 donis
957 2241 1058 2299 carneis,

147 2312 231 2368 osseis,
254 2309 385 2373 sanguineis
398 2305 513 2356 deletlari.

213 2408 233 2468 ἕ.
249 2406 275 2457 Χ
285 2405 310 2456 ll
340 2404 391 2466 Qui
404 2403 471 2453 aliter
482 2401 600 2465 judicant,
613 2401 731 2463 objiciunt
746 2400 784 2458 1.)
801 2401 869 2464 basina
882 2406 949 2450 Deum
958 2407 1003 2465 Jer.
1015 2408 1058 2455 VH.

148 2489 186 2525 22.
203 2480 244 2535 Jei.
257 2479 271 2521 l.
284 2485 318 2520 12.
337 2488 424 2532 negare,
437 2468 579 2530 seniiicqinun
591 2467 726 2514 Hebrum-mu
735 2469 847 2525 niujori'tnis
861 2467 886 2514 de
894 2467 997 2534 fricia'ficii's
1010 2471 1058 2530 offe.

146 2541 230 2595 iendi's,
241 2544 262 2585 iii
281 2536 385 2584 inundatis
398 2532 508 2597 traditus.
528 2530 595 2596 Resp.
624 2530 786 2594 Negationem
804 2529 941 2596 finiplicitcr
956 2533 1058 2598 intelligi

147 2622 198 2655 non
211 2604 316 2657 debere,
337 2600 428 2650 constat
442 2615 472 2648 ex
487 2598 580 2662 legibus
597 2594 708 2646 lllosaicis
726 2594 835 2647 sacrificia
845 2597 1055 2662 praescribentibus.

144 2671 211 2734 ,Ergo
229 2666 358 2718 secttnduin
370 2661 600 2730 quid'intelligendn
614 2660 673 2712 sunt.
701 2660 791 2713 Deusii
807 2664 902 2728 populo
916 2664 958 2714 suo
973 2662 1057 2738 sacriti-

1021 2744 1056 2780 cia
