2297 3134
212 283 267 339 272
338 259 339 263 ’
537 261 720 323 neverunt.
735 281 834 338 eia-25.

214 376 285 426 unius
297 371 439 426 Holocausti
454 374 499 438 pro
510 370 634 432 Pontifice,
646 375 670 424 tie
682 375 752 426 uniar
763 391 807 442 pro
821 376 923 443 populo,
935 384 984 427 non
997 388 1054 426 uero
1063 372 1116 440 plu-

213 442 284 490 rium.
320 440 390 491 uerte
403 441 477 503 igitur
488 441 583 504 accipio,
594 440 623 490 de
634 439 678 490 illis
691 441 740 492 hoc
753 444 777 492 in
792 445 867 507 eapite
881 460 901 494 v.
918 458 939 503 3,
953 444 977 492 ἃ
991 456 1010 502 5.
1043 440 1117 491 Sacri-

160 516 162 519 “
213 505 282 565 ficia,
302 522 353 572 quae
374 514 540 555 memorantur
563 505 637 556 Num.
650 505 750 572 XXIX.
767 522 803 568 7-
816 522 850 559 12.
871 520 921 560 tum
938 508 1046 559 nondum
1058 521 1116 573 prae-

214 582 281 637 cepta
296 580 372 627 erant,
391 570 456 620 unde
468 570 513 620 hac
526 573 550 620 in
565 570 631 636 Lege
644 573 673 623 ad
687 574 796 624 nondum
813 575 865 625 data
879 575 960 640 respici
974 576 1062 639 nequit.
1092 572 1116 622 Si

214 636 280 688 Deus
292 637 342 688 vult
353 636 399 687 alio
411 645 523 700 tempore
532 636 570 687 de
580 640 712 689 recentiori
720 640 764 690 hac
776 637 842 705 Lege
852 640 971 702 judicabo.

277 735 299 794 ἕ.
317 743 368 794 383.
386 733 537 801 Praeceptum
556 737 649 788 exstet:
673 745 699 786 Et
708 739 774 802 faciet
787 741 932 803 Holoennsimn
952 757 1001 788 nune
1013 737 1115 797 &Holo-

203 803 301 865 ‘ennflnrn
311 801 384 865 papirii
399 800 466 859 snrjzis.
503 801 598 853 Deliae
610 802 686 867 phrasi
706 813 759 866 nup
771 807 824 868 fecit
839 807 862 853 in
882 808 977 855 materia
992 803 1117 855 sacrificio-

210 883 264 917 rum
279 881 394 931 perquam
409 864 491 917 usrtata
504 867 593 917 ditium
606 869 673 933 snpra
682 868 702 926 s.
721 884 772 929 123.
782 869 928 920 Generaliter
938 870 1013 920 rursus
1024 870 1116 920 sumen·

212 932 241 983 da
255 931 287 981 est
312 931 454 982 &includit
473 948 558 982 omnes
576 933 705 999 ordinarias
723 934 858 987 suntiiones
877 937 936 986 circa
956 935 1073 985 vissimum
1091 934 1115 983 δι

211 995 251 1046 hic
266 997 362 1061 quidem
376 998 438 1047 circa
453 995 634 1049 Holocaustun‘i.
657 999 700 1049 vid.
716 999 772 1051 rev.
786 1001 803 1052 s.
827 1000 851 1052 Si
866 1001 972 1066 quaedam
984 999 1114 1051 extraordi·

210 1062 281 1114 nariae
298 1061 448 1113 observandae
461 1062 553 1114 fuissent
566 1080 602 1114 eas
615 1065 655 1115 lex
667 1065 823 1117 memorasset.

245 1220 248 1225 ,
275 1161 296 1223 §.
316 1168 369 1222 384.
389 1162 429 1214 De
440 1160 525 1211 effeiiu
538 1177 544 1210 :
564 1169 591 1211 Et
603 1164 694 1227 expiabit
701 1178 743 1227 pro
752 1166 777 1225 se
789 1164 818 1222 &
825 1179 866 1228 pen
877 1148 958 1228 populo.
981 1164 1114 1216 identidem

209 1242 272 1278 nora
285 1227 389 1290 poscitur
403 1227 603 1292 promittiturque
619 1231 731 1292 expiatio,
752 1228 819 1289 Quid
833 1229 875 1279 sibi
890 1230 944 1280 velit
956 1232 1076 1295 expiatio,
1089 1233 1114 1281 in

208 1292 286 1359 specie
293 1306 338 1357 pro
349 1289 467 1342 Pontifice
480 1293 504 1341 δε
518 1293 622 1357 populo,
633 1295 681 1357 jam
696 1293 767 1344 semei
780 1310 806 1346 ac
817 1296 904 1346 iterum
918 1294 1006 1346 diuum
1018 1296 1050 1347 est
1060 1311 1080 1347 v.
1091 1303 1112 1346 6.

307 1390 329 1449 ἕ,
347 1397 400 1450 385.
417 1388 549 1441 Porismata
565 1407 596 1441 ex
613 1383 639 1441 v}
653 1405 690 1454 24.
711 1394 733 1443 h.

207 1479 226 1532 I.
241 1481 344 1543 Hilassicr's
359 1477 528 1527 retinemini-nn
541 1478 598 1540 jugis
606 1473 665 1540 fn'iin
686 1491 732 1526 erar
747 1475 857 1539 incipietur
871 1490 1008 1542 peccatorum.
1048 1475 1114 1540 Apo-

241 1545 315 1596 stolus
324 1545 434 1594 dixerat:
454 1541 576 1592 Sacrificiis
584 1546 613 1606 fit
628 1550 793 1593 eoinnnnornio
804 1559 842 1607 pen
851 1546 942 1607 fingulos
954 1558 1017 1591 aranos
1038 1540 1112 1592 Hebr.

241 1611 276 1663 X.
292 1623 311 1669 3.
329 1609 383 1659 smo
395 1604 555 1673 persingulas
569 1606 674 1663 menses,
687 1607 835 1673 septimanae,
851 1608 972 1663 sabbatha,
984 1607 1038 1657 dieo.
1060 1607 1113 1658 Una

240 1676 312 1725 etiarn
325 1675 363 1724 die
377 1672 460 1737 sepius
475 1672 640 1736 repetebatur,
655 1687 758 1722 riraxrme
772 1673 863 1723 solenni
879 1674 1026 1736 expiationis.
1069 1671 1113 1723 Ex-

231 1742 314 1806 ,piatio
326 1738 398 1788 fiebat
406 1740 526 1800 juvenco,
537 1736 618 1793 hirco,
633 1739 703 1786 ariete
718 1738 856 1801 pontificiali
870 1754 914 1803 pro
924 1750 1038 1802 peccate,
1052 1753 1113 1802 quo-

229 1820 293 1855 rum
307 1805 354 1854 hoe
367 1804 445 1865 capite
456 1803 549 1852 mentio
559 1800 592 1852 fit.
611 1801 681 1854 Plura
692 1814 856 1856 memorantur
869 1804 998 1854 recentiori
1013 1803 1038 1852 in
1047 1801 1112 1868 Lege

238 1869 312 1922 Num.
329 1866 429 1921 XXIX.
443 1881 481 1928 7-
496 1880 532 1918 12.

205 1967 239 2022 II.
256 1969 314 2019 Adeo
329 1973 412 2034 infirma
423 2004 430 2024 ‚
443 1968 523 2031 rnolrnin
540 1979 589 2016 erat
603 1966 655 2012 Enrei
666 1973 689 2017 in
703 1968 805 2029 Hilpiicis
816 1968 999 2024 nonannoeane,
1014 1980 1039 2016 nt
1050 2004 1057 2025 ‚
1070 1986 1113 2032 qne

238 2035 329 2099 areima,
343 2035 451 2097 nequidem
463 2034 538 2082 nnrben
548 2033 620 2082 haberi
630 2047 697 2096 pereni.
738 2033 834 2085 Aharon
849 2036 927 2100 primo
943 2049 989 2098 pro
1001 2031 1039 2090 se,
1059 2042 1111 2084 tom
1129 2057 1133 2061 ’

238 2099 391 2165 ρτσρορυίο
408 2097 456 2148 sine
470 2114 573 2149 numero
588 2101 683 2164 expiare
694 2099 827 2161 jubebatur.
884 2100 914 2149 At
925 2098 1035 2150 Pontifex
1046 2097 1111 2165 Jesus

238 2163 344 2216 Christus
357 2165 445 2209 ἐποίησεν
459 2163 546 2228 ἐφάπαξ
562 2164 629 2209 {eorde
644 2166 760 2225 derrspnee.
779 2163 853 2215 Hebr.
867 2163 920 2215 VH.
937 2171 974 2212 26.

271 2262 292 2320 ᾗ,
309 2269 360 2322 386.
381 2260 526 2313 Mandatum
542 2261 664 2314 decimum
676 2262 787 2314 osiavum
803 2278 824 2313 v.
836 2275 873 2323 25.
886 2271 976 2314 nttutm
996 2246 1047 2315 35η
1066 2272 1111 2315 niti

205 2346 303 2393 nutriunt
316 2349 381 2408 't'iipt
406 2339 496 2401 Adipenr
511 2336 571 2398 irenen
581 2341 676 2405 srrcnpscii
685 2355 727 2404 pro
740 2353 822 2403 peceato
840 2340 933 2389 incendet
946 2345 969 2388 in
985 2357 1036 2396 erata,
1050 2354 1110 2390 con-

204 2417 283 2467 tinens
295 2413 332 2472 id,
346 2412 413 2478 qnod
426 2412 622 2470 incendendum,
639 2415 694 2464 dein
706 2414 878 2484 incensionem,
895 2415 993 2482 ejusque
1003 2413 1092 2475 locum.v

268 2511 288 2571 §.
305 2520 359 2572 387.
382 2510 409 2561 Id
424 2511 491 2578 qarod
505 2510 685 2563 incendendum
702 2514 833 2577 generatim
853 2513 940 2565 dicitur
961 2499 1012 2574 ‚absi
1032 2515 1107 2578 adeps,

201 2579 248 2630 five
258 2593 311 2643 pars
325 2576 428 2627 sacrificii
440 2577 571 2642 adiposmu
587 2593 633 2643 qua
645 2576 750 2629 israelitae
758 2579 849 2644 semper
866 2580 1037 2630 abstinendum.
1051 2578 1106 2630 Lev.

200 2643 241 2697 ili.
256 2656 291 2705 17.
309 2647 522 2694 Sterntnnraereranrne
531 2644 560 2704 fit
568 2657 609 2707 per
621 2651 763 2708 generationes
773 2650 848 2708 pressans
858 2651 880 2694 in
893 2645 986 2694 oirrnibnr
996 2643 1109 2694 habitatio-

200 2710 261 2760 nibus
270 2713 342 2772 uesteis
357 2730 363 2755 :
382 2715 467 2756 Ornnern
481 2709 561 2771 adipem
573 2727 615 2759 non
629 2710 742 2760 comederis.
789 2711 857 2772 Quin
872 2711 950 2761 uniaris
968 2710 1038 2774 adeps
1051 2708 1108 2761 Deo

200 2774 268 2828 sacer.
303 2775 398 2827 satcendet
405 2774 504 2833 Sacerdos
517 2775 552 2826 ille
560 2779 582 2828 in
594 2792 638 2826 nra.
672 2781 748 2827 Panem
765 2781 854 2843 ignitnne
866 2782 889 2829 in
903 2776 986 2829 odorent
997 2775 1110 2853 benefen-

955 2872 957 2875 -
1012 2853 1107 2906 geenne.
