<?xml version="1.0" encoding="UTF-8"?>
<!DOCTYPE html PUBLIC "-//W3C//DTD XHTML 1.0 Transitional//EN"
    "http://www.w3.org/TR/xhtml1/DTD/xhtml1-transitional.dtd">
<html xmlns="http://www.w3.org/1999/xhtml" xml:lang="en" lang="en">
 <head>
  <title>
</title>
<meta http-equiv="Content-Type" content="text/html;charset=utf-8" />
  <meta name='ocr-system' content='tesseract 3.04.00' />
  <meta name='ocr-capabilities' content='ocr_page ocr_carea ocr_par ocr_line ocrx_word'/>
</head>
<body>
  <div class='ocr_page' id='page_1' title='image "./MN40369ucmf_0/MN40369ucmf_0_0570.png"; bbox 0 0 2297 3134; ppageno 0'>
   <div class='ocr_carea' id='block_1_1' title="bbox 157 230 1063 406">
    <p class='ocr_par' dir='ltr' id='par_1_1' title="bbox 157 230 1063 406">
     <span class='ocr_line' id='line_1_1' title="bbox 157 230 692 312; baseline -0.006 -23"><span class='ocrx_word' id='word_1_1' title='bbox 157 259 210 312; x_wconf 83' lang='lat'>500</span> <span class='ocrx_word' id='word_1_2' title='bbox 485 231 531 289; x_wconf 86' lang='lat' dir='ltr'>De</span> <span class='ocrx_word' id='word_1_3' title='bbox 546 230 692 302; x_wconf 66' lang='lat' dir='ltr'>Sacrificio,</span> 
     </span>
     <span class='ocr_line' id='line_1_2' title="bbox 222 315 1063 406; baseline -0.002 -10"><span class='ocrx_word' id='word_1_4' title='bbox 222 343 243 403; x_wconf 58' lang='grc' dir='ltr'>ὃ.</span> <span class='ocrx_word' id='word_1_5' title='bbox 260 339 399 396; x_wconf 78' lang='lat' dir='ltr'>LXXIV.</span> <span class='ocrx_word' id='word_1_6' title='bbox 417 344 516 403; x_wconf 82' lang='lat' dir='ltr'>Sequitur</span> <span class='ocrx_word' id='word_1_7' title='bbox 529 358 595 406; x_wconf 63' lang='lat' dir='ltr'>ugo,</span> <span class='ocrx_word' id='word_1_8' title='bbox 610 341 672 390; x_wconf 81' lang='lat' dir='ltr'>uliud</span> <span class='ocrx_word' id='word_1_9' title='bbox 686 339 720 405; x_wconf 63' lang='lat' dir='ltr'><em>ff</em></span> <span class='ocrx_word' id='word_1_10' title='bbox 732 378 739 399; x_wconf 85' lang='lat'>,</span> <span class='ocrx_word' id='word_1_11' title='bbox 753 341 812 406; x_wconf 79' lang='lat' dir='ltr'>quod</span> <span class='ocrx_word' id='word_1_12' title='bbox 825 346 892 392; x_wconf 85' lang='lat' dir='ltr'>Deruu</span> <span class='ocrx_word' id='word_1_13' title='bbox 906 315 982 405; x_wconf 74' lang='lat' dir='ltr'>ifiailis</span> <span class='ocrx_word' id='word_1_14' title='bbox 992 364 1063 395; x_wconf 79' lang='lat' dir='ltr'>ruove-</span> 
     </span>
    </p>
   </div>
   <div class='ocr_carea' id='block_1_2' title="bbox 159 407 1063 541">
    <p class='ocr_par' dir='ltr' id='par_1_2' title="bbox 159 407 1063 541">
     <span class='ocr_line' id='line_1_3' title="bbox 159 407 1063 475; baseline -0.002 -13"><span class='ocrx_word' id='word_1_15' title='bbox 159 412 233 463; x_wconf 81' lang='lat' dir='ltr'>tutud</span> <span class='ocrx_word' id='word_1_16' title='bbox 250 417 312 475; x_wconf 78' lang='lat' dir='ltr'>Leges</span> <span class='ocrx_word' id='word_1_17' title='bbox 324 407 421 469; x_wconf 76' lang='lat' dir='ltr'>ejzrseuodi</span> <span class='ocrx_word' id='word_1_18' title='bbox 428 407 546 469; x_wconf 72' lang='lat' dir='ltr'>fieriuurios</span> <span class='ocrx_word' id='word_1_19' title='bbox 554 408 673 470; x_wconf 70' lang='lat' dir='ltr'>ferendona.</span> <span class='ocrx_word' id='word_1_20' title='bbox 731 413 834 457; x_wconf 77' lang='lat' dir='ltr'><em>Moverat</em></span> <span class='ocrx_word' id='word_1_21' title='bbox 850 422 922 458; x_wconf 72' lang='lat' dir='ltr'>aretem</span> <span class='ocrx_word' id='word_1_22' title='bbox 942 423 986 458; x_wconf 75' lang='lat' dir='ltr'>taem</span> <span class='ocrx_word' id='word_1_23' title='bbox 1004 415 1063 473; x_wconf 57' lang='lat' dir='ltr'>qaeu</span> 
     </span>
     <span class='ocr_line' id='line_1_4' title="bbox 159 474 1061 541; baseline 0 -14"><span class='ocrx_word' id='word_1_24' title='bbox 159 480 202 541; x_wconf 74' lang='lat' dir='ltr'>ejus</span> <span class='ocrx_word' id='word_1_25' title='bbox 212 489 314 531; x_wconf 76' lang='lat' dir='ltr'>antenna,</span> <span class='ocrx_word' id='word_1_26' title='bbox 332 490 414 535; x_wconf 75' lang='lat' dir='ltr'>quaque</span> <span class='ocrx_word' id='word_1_27' title='bbox 429 477 451 521; x_wconf 89' lang='lat' dir='ltr'>iu</span> <span class='ocrx_word' id='word_1_28' title='bbox 467 478 559 522; x_wconf 76' lang='lat' dir='ltr'>nazarium</span> <span class='ocrx_word' id='word_1_29' title='bbox 573 474 641 522; x_wconf 79' lang='lat' dir='ltr'>ocrrlur</span> <span class='ocrx_word' id='word_1_30' title='bbox 656 477 794 532; x_wconf 74' lang='lat' dir='ltr'>intrauerat,</span> <span class='ocrx_word' id='word_1_31' title='bbox 812 486 857 523; x_wconf 82' lang='lat' dir='ltr'>tum</span> <span class='ocrx_word' id='word_1_32' title='bbox 877 480 940 524; x_wconf 81' lang='lat' dir='ltr'>etiam</span> <span class='ocrx_word' id='word_1_33' title='bbox 956 480 1061 534; x_wconf 75' lang='lat' dir='ltr'>iuterna,</span> 
     </span>
    </p>
   </div>
   <div class='ocr_carea' id='block_1_3' title="bbox 156 540 407 608">
    <p class='ocr_par' dir='ltr' id='par_1_3' title="bbox 156 540 407 608">
     <span class='ocr_line' id='line_1_5' title="bbox 156 540 407 608; baseline -0.036 -13"><span class='ocrx_word' id='word_1_34' title='bbox 156 543 225 608; x_wconf 74' lang='lat' dir='ltr'>lfraiii</span> <span class='ocrx_word' id='word_1_35' title='bbox 233 540 340 607; x_wconf 56' lang='lat' dir='ltr'>&#39;spirituali</span> <span class='ocrx_word' id='word_1_36' title='bbox 351 550 407 588; x_wconf 84' lang='lat' dir='ltr'>uota.</span> 
     </span>
    </p>
   </div>
   <div class='ocr_carea' id='block_1_4' title="bbox 158 634 1065 1091">
    <p class='ocr_par' dir='ltr' id='par_1_4' title="bbox 158 634 1065 1091">
     <span class='ocr_line' id='line_1_6' title="bbox 226 634 1064 701; baseline 0 -12"><span class='ocrx_word' id='word_1_37' title='bbox 226 641 249 698; x_wconf 59' lang='grc' dir='ltr'>ἕ.</span> <span class='ocrx_word' id='word_1_38' title='bbox 260 634 383 689; x_wconf 81' lang='lat' dir='ltr'><strong>LXXV.</strong></span> <span class='ocrx_word' id='word_1_39' title='bbox 409 639 431 686; x_wconf 83' lang='lat' dir='ltr'>u·</span> <span class='ocrx_word' id='word_1_40' title='bbox 441 636 469 684; x_wconf 78' lang='lat' dir='ltr'>aci</span> <span class='ocrx_word' id='word_1_41' title='bbox 480 638 537 697; x_wconf 57' lang='lat' dir='ltr'>qino</span> <span class='ocrx_word' id='word_1_42' title='bbox 549 641 644 701; x_wconf 77' lang='lat' dir='ltr'><em>priorem</em></span> <span class='ocrx_word' id='word_1_43' title='bbox 662 635 803 694; x_wconf 83' lang='lat' dir='ltr'>attendimus,</span> <span class='ocrx_word' id='word_1_44' title='bbox 816 637 897 695; x_wconf 79' lang='lat' dir='ltr'>clauum</span> <span class='ocrx_word' id='word_1_45' title='bbox 907 640 946 701; x_wconf 86' lang='lat' dir='ltr'>est,</span> <span class='ocrx_word' id='word_1_46' title='bbox 965 643 1034 689; x_wconf 82' lang='lat' dir='ltr'>Deum</span> <span class='ocrx_word' id='word_1_47' title='bbox 1041 640 1064 701; x_wconf 73' lang='lat' dir='ltr'>fia</span> 
     </span>
     <span class='ocr_line' id='line_1_7' title="bbox 160 701 1064 770; baseline 0 -16"><span class='ocrx_word' id='word_1_48' title='bbox 160 708 238 770; x_wconf 62' lang='lat' dir='ltr'>inatus</span> <span class='ocrx_word' id='word_1_49' title='bbox 248 720 327 767; x_wconf 77' lang='lat' dir='ltr'>regern,</span> <span class='ocrx_word' id='word_1_50' title='bbox 341 706 443 751; x_wconf 79' lang='lat' dir='ltr'>Carraaur&#39;s</span> <span class='ocrx_word' id='word_1_51' title='bbox 455 707 570 751; x_wconf 82' lang='lat' dir='ltr'>Dominum</span> <span class='ocrx_word' id='word_1_52' title='bbox 580 701 670 767; x_wconf 70' lang='lat' dir='ltr'>geſjiffi’,</span> <span class='ocrx_word' id='word_1_53' title='bbox 684 716 744 765; x_wconf 79' lang='lat' dir='ltr'>atque</span> <span class='ocrx_word' id='word_1_54' title='bbox 758 704 804 751; x_wconf 83' lang='lat' dir='ltr'>ideo</span> <span class='ocrx_word' id='word_1_55' title='bbox 814 702 942 768; x_wconf 77' lang='lat' dir='ltr'>peucepiffe‚</span> <span class='ocrx_word' id='word_1_56' title='bbox 961 717 985 752; x_wconf 87' lang='lat' dir='ltr'>ut</span> <span class='ocrx_word' id='word_1_57' title='bbox 1001 719 1064 768; x_wconf 74' lang='lat' dir='ltr'>apo-</span> 
     </span>
     <span class='ocr_line' id='line_1_8' title="bbox 158 767 1064 838; baseline -0.006 -16"><span class='ocrx_word' id='word_1_58' title='bbox 158 771 250 838; x_wconf 78' lang='lat' dir='ltr'>pulosuo</span> <span class='ocrx_word' id='word_1_59' title='bbox 265 773 319 817; x_wconf 80' lang='lat' dir='ltr'>orum</span> <span class='ocrx_word' id='word_1_60' title='bbox 331 767 367 814; x_wconf 79' lang='lat' dir='ltr'>itu</span> <span class='ocrx_word' id='word_1_61' title='bbox 394 768 544 826; x_wconf 66' lang='lat' dir='ltr'>adjetione&amp;</span> <span class='ocrx_word' id='word_1_62' title='bbox 556 774 675 818; x_wconf 81' lang='lat' dir='ltr'>reverentia</span> <span class='ocrx_word' id='word_1_63' title='bbox 687 768 838 825; x_wconf 74' lang='lat' dir='ltr'>honoraretur,</span> <span class='ocrx_word' id='word_1_64' title='bbox 852 788 895 831; x_wconf 75' lang='lat' dir='ltr'>quea</span> <span class='ocrx_word' id='word_1_65' title='bbox 910 771 962 818; x_wconf 81' lang='lat' dir='ltr'>alim</span> <span class='ocrx_word' id='word_1_66' title='bbox 974 771 1064 833; x_wconf 71' lang='lat' dir='ltr'>popualus</span> 
     </span>
     <span class='ocr_line' id='line_1_9' title="bbox 160 831 1065 901; baseline -0.003 -14"><span class='ocrx_word' id='word_1_67' title='bbox 160 837 296 901; x_wconf 74' lang='lat' dir='ltr'>regerufinmr</span> <span class='ocrx_word' id='word_1_68' title='bbox 310 831 414 880; x_wconf 77' lang='lat' dir='ltr'>boamunte</span> <span class='ocrx_word' id='word_1_69' title='bbox 423 833 480 892; x_wconf 72' lang='lat' dir='ltr'>solet.</span> <span class='ocrx_word' id='word_1_70' title='bbox 519 832 566 882; x_wconf 82' lang='lat' dir='ltr'>Hic</span> <span class='ocrx_word' id='word_1_71' title='bbox 582 848 639 883; x_wconf 85' lang='lat' dir='ltr'>vero</span> <span class='ocrx_word' id='word_1_72' title='bbox 653 843 728 884; x_wconf 68' lang='lat' dir='ltr'>nimi)</span> <span class='ocrx_word' id='word_1_73' title='bbox 743 851 830 882; x_wconf 75' lang='lat' dir='ltr'>raumara</span> <span class='ocrx_word' id='word_1_74' title='bbox 844 832 1013 895; x_wconf 72' lang='lat' dir='ltr'>subjectionem</span> <span class='ocrx_word' id='word_1_75' title='bbox 1030 845 1065 884; x_wconf 80' lang='lat' dir='ltr'>tc·</span> 
     </span>
     <span class='ocr_line' id='line_1_10' title="bbox 160 895 1065 965; baseline -0.004 -11"><span class='ocrx_word' id='word_1_76' title='bbox 160 904 260 954; x_wconf 78' lang='lat' dir='ltr'>statutus</span> <span class='ocrx_word' id='word_1_77' title='bbox 272 896 383 953; x_wconf 81' lang='lat' dir='ltr'>miserat,</span> <span class='ocrx_word' id='word_1_78' title='bbox 406 895 611 961; x_wconf 81' lang='lat' dir='ltr'>quemadmodum</span> <span class='ocrx_word' id='word_1_79' title='bbox 632 898 742 962; x_wconf 80' lang='lat' dir='ltr'>exetupia</span> <span class='ocrx_word' id='word_1_80' title='bbox 756 900 780 947; x_wconf 91' lang='lat' dir='ltr'>in</span> <span class='ocrx_word' id='word_1_81' title='bbox 794 898 858 948; x_wconf 85' lang='lat' dir='ltr'>sactis</span> <span class='ocrx_word' id='word_1_82' title='bbox 873 900 979 965; x_wconf 88' lang='lat' dir='ltr'>prostant</span> <span class='ocrx_word' id='word_1_83' title='bbox 996 899 1065 964; x_wconf 86' lang='lat' dir='ltr'>plura</span> 
     </span>
     <span class='ocr_line' id='line_1_11' title="bbox 159 960 1065 1027; baseline -0.001 -11"><span class='ocrx_word' id='word_1_84' title='bbox 159 984 182 1020; x_wconf 81' lang='lat' dir='ltr'>v,</span> <span class='ocrx_word' id='word_1_85' title='bbox 197 981 219 1017; x_wconf 85' lang='lat'>2.</span> <span class='ocrx_word' id='word_1_86' title='bbox 234 963 297 1015; x_wconf 85' lang='lat' dir='ltr'>Sam.</span> <span class='ocrx_word' id='word_1_87' title='bbox 309 960 380 1012; x_wconf 78' lang='lat' dir='ltr'>Vnt.</span> <span class='ocrx_word' id='word_1_88' title='bbox 397 974 418 1011; x_wconf 88' lang='lat'>2.</span> <span class='ocrx_word' id='word_1_89' title='bbox 434 968 454 1010; x_wconf 84' lang='lat'>6.</span> <span class='ocrx_word' id='word_1_90' title='bbox 472 975 491 1010; x_wconf 88' lang='lat'>1.</span> <span class='ocrx_word' id='word_1_91' title='bbox 504 961 563 1026; x_wconf 82' lang='lat' dir='ltr'>Reg.</span> <span class='ocrx_word' id='word_1_92' title='bbox 577 960 617 1012; x_wconf 76' lang='lat' dir='ltr'>tu.</span> <span class='ocrx_word' id='word_1_93' title='bbox 633 975 671 1011; x_wconf 81' lang='lat'>21.</span> <span class='ocrx_word' id='word_1_94' title='bbox 690 961 780 1027; x_wconf 82' lang='lat' dir='ltr'>2.Reg.</span> <span class='ocrx_word' id='word_1_95' title='bbox 798 961 877 1014; x_wconf 79' lang='lat' dir='ltr'>XVII.</span> <span class='ocrx_word' id='word_1_96' title='bbox 894 978 917 1026; x_wconf 87' lang='lat'>4.</span> <span class='ocrx_word' id='word_1_97' title='bbox 951 963 1065 1016; x_wconf 80' lang='lat' dir='ltr'>inservie-</span> 
     </span>
     <span class='ocr_line' id='line_1_12' title="bbox 158 1025 893 1091; baseline -0.008 -6"><span class='ocrx_word' id='word_1_98' title='bbox 158 1042 209 1085; x_wconf 88' lang='lat' dir='ltr'>rant</span> <span class='ocrx_word' id='word_1_99' title='bbox 224 1030 282 1081; x_wconf 86' lang='lat' dir='ltr'>dein</span> <span class='ocrx_word' id='word_1_100' title='bbox 300 1025 419 1091; x_wconf 76' lang='lat' dir='ltr'>eiusmodi</span> <span class='ocrx_word' id='word_1_101' title='bbox 433 1041 533 1078; x_wconf 87' lang='lat' dir='ltr'>munera</span> <span class='ocrx_word' id='word_1_102' title='bbox 547 1026 709 1077; x_wconf 79' lang='lat' dir='ltr'>ministrorum</span> <span class='ocrx_word' id='word_1_103' title='bbox 724 1026 893 1080; x_wconf 85' lang='lat' dir='ltr'>sustentationi.</span> 
     </span>
    </p>
   </div>
   <div class='ocr_carea' id='block_1_5' title="bbox 143 1122 1136 1832">
    <p class='ocr_par' dir='ltr' id='par_1_5' title="bbox 158 1122 1136 1710">
     <span class='ocr_line' id='line_1_13' title="bbox 223 1122 1136 1192; baseline 0 -14"><span class='ocrx_word' id='word_1_104' title='bbox 223 1133 245 1190; x_wconf 61' lang='grc' dir='ltr'>ἓ.</span> <span class='ocrx_word' id='word_1_105' title='bbox 262 1123 401 1178; x_wconf 83' lang='lat' dir='ltr'>LXXVI.</span> <span class='ocrx_word' id='word_1_106' title='bbox 419 1123 492 1176; x_wconf 87' lang='lat' dir='ltr'>Hunc</span> <span class='ocrx_word' id='word_1_107' title='bbox 508 1141 565 1176; x_wconf 90' lang='lat' dir='ltr'>vero</span> <span class='ocrx_word' id='word_1_108' title='bbox 585 1124 685 1192; x_wconf 85' lang='lat' dir='ltr'>scopum</span> <span class='ocrx_word' id='word_1_109' title='bbox 703 1122 810 1190; x_wconf 85' lang='lat' dir='ltr'>Legibus</span> <span class='ocrx_word' id='word_1_110' title='bbox 825 1128 964 1178; x_wconf 82' lang='lat' dir='ltr'>memoratis</span> <span class='ocrx_word' id='word_1_111' title='bbox 978 1126 1065 1178; x_wconf 47' lang='lat' dir='ltr'>offoca*</span> <span class='ocrx_word' id='word_1_112' title='bbox 1133 1126 1136 1131; x_wconf 76' lang='grc'><strong>“</strong></span> 
     </span>
     <span class='ocr_line' id='line_1_14' title="bbox 159 1187 1066 1257; baseline -0.007 -9"><span class='ocrx_word' id='word_1_113' title='bbox 159 1207 196 1248; x_wconf 81' lang='lat' dir='ltr'>tus</span> <span class='ocrx_word' id='word_1_114' title='bbox 206 1205 255 1245; x_wconf 86' lang='lat' dir='ltr'>erat</span> <span class='ocrx_word' id='word_1_115' title='bbox 269 1191 342 1243; x_wconf 84' lang='lat' dir='ltr'>Deus.</span> <span class='ocrx_word' id='word_1_116' title='bbox 387 1190 455 1241; x_wconf 80' lang='lat' dir='ltr'>ifraet</span> <span class='ocrx_word' id='word_1_117' title='bbox 467 1190 541 1248; x_wconf 80' lang='lat' dir='ltr'>ferta,</span> <span class='ocrx_word' id='word_1_118' title='bbox 555 1207 629 1257; x_wconf 88' lang='lat' dir='ltr'>eaque</span> <span class='ocrx_word' id='word_1_119' title='bbox 646 1189 787 1241; x_wconf 77' lang='lat' dir='ltr'>ieiediiiima</span> <span class='ocrx_word' id='word_1_120' title='bbox 804 1187 870 1242; x_wconf 73' lang='lat' dir='ltr'>arab</span> <span class='ocrx_word' id='word_1_121' title='bbox 884 1194 968 1241; x_wconf 77' lang='lat' dir='ltr'>Adonai</span> <span class='ocrx_word' id='word_1_122' title='bbox 980 1195 1002 1242; x_wconf 91' lang='lat' dir='ltr'>in</span> <span class='ocrx_word' id='word_1_123' title='bbox 1014 1192 1066 1243; x_wconf 50' lang='lat' dir='ltr'>sarua</span> 
     </span>
     <span class='ocr_line' id='line_1_15' title="bbox 158 1255 1067 1324; baseline -0.004 -12"><span class='ocrx_word' id='word_1_124' title='bbox 158 1261 275 1312; x_wconf 77' lang='lat' dir='ltr'>doarium</span> <span class='ocrx_word' id='word_1_125' title='bbox 291 1257 398 1307; x_wconf 81' lang='lat' dir='ltr'>adferens</span> <span class='ocrx_word' id='word_1_126' title='bbox 417 1255 497 1306; x_wconf 89' lang='lat' dir='ltr'>Deum</span> <span class='ocrx_word' id='word_1_127' title='bbox 518 1266 629 1324; x_wconf 82' lang='lat' dir='ltr'>tanquam</span> <span class='ocrx_word' id='word_1_128' title='bbox 648 1272 729 1321; x_wconf 80' lang='lat' dir='ltr'>regem</span> <span class='ocrx_word' id='word_1_129' title='bbox 746 1257 814 1307; x_wconf 89' lang='lat' dir='ltr'>suum</span> <span class='ocrx_word' id='word_1_130' title='bbox 834 1266 958 1308; x_wconf 84' lang='lat' dir='ltr'>veneratus</span> <span class='ocrx_word' id='word_1_131' title='bbox 974 1257 1067 1315; x_wconf 76' lang='lat' dir='ltr'>fuerat,</span> 
     </span>
     <span class='ocr_line' id='line_1_16' title="bbox 159 1321 1064 1388; baseline -0.007 -10"><span class='ocrx_word' id='word_1_132' title='bbox 159 1328 304 1388; x_wconf 86' lang='lat' dir='ltr'>testatusque</span> <span class='ocrx_word' id='word_1_133' title='bbox 318 1330 384 1382; x_wconf 84' lang='lat' dir='ltr'>erat,</span> <span class='ocrx_word' id='word_1_134' title='bbox 402 1329 495 1378; x_wconf 86' lang='lat' dir='ltr'>terram,</span> <span class='ocrx_word' id='word_1_135' title='bbox 513 1323 537 1371; x_wconf 73' lang='grc' dir='ltr'>δι</span> <span class='ocrx_word' id='word_1_136' title='bbox 552 1337 603 1388; x_wconf 83' lang='lat' dir='ltr'>qua</span> <span class='ocrx_word' id='word_1_137' title='bbox 611 1321 693 1386; x_wconf 82' lang='lat' dir='ltr'>fruges</span> <span class='ocrx_word' id='word_1_138' title='bbox 704 1322 727 1371; x_wconf 89' lang='lat' dir='ltr'>in</span> <span class='ocrx_word' id='word_1_139' title='bbox 739 1337 768 1372; x_wconf 89' lang='lat' dir='ltr'>ea</span> <span class='ocrx_word' id='word_1_140' title='bbox 783 1325 937 1386; x_wconf 88' lang='lat' dir='ltr'>proveniunt,</span> <span class='ocrx_word' id='word_1_141' title='bbox 951 1321 997 1372; x_wconf 88' lang='lat' dir='ltr'>Dei</span> <span class='ocrx_word' id='word_1_142' title='bbox 1012 1322 1064 1373; x_wconf 82' lang='lat' dir='ltr'>effe.</span> 
     </span>
     <span class='ocr_line' id='line_1_17' title="bbox 161 1386 1067 1455; baseline -0.006 -13"><span class='ocrx_word' id='word_1_143' title='bbox 161 1392 188 1444; x_wconf 87' lang='lat' dir='ltr'>id</span> <span class='ocrx_word' id='word_1_144' title='bbox 204 1391 272 1455; x_wconf 89' lang='lat' dir='ltr'>quod</span> <span class='ocrx_word' id='word_1_145' title='bbox 289 1386 438 1451; x_wconf 75' lang='lat' dir='ltr'>singulariter</span> <span class='ocrx_word' id='word_1_146' title='bbox 454 1387 622 1437; x_wconf 87' lang='lat' dir='ltr'>ostendebatur</span> <span class='ocrx_word' id='word_1_147' title='bbox 636 1396 689 1436; x_wconf 88' lang='lat' dir='ltr'>tum</span> <span class='ocrx_word' id='word_1_148' title='bbox 704 1388 816 1450; x_wconf 77' lang='lat' dir='ltr'>nampulo</span> <span class='ocrx_word' id='word_1_149' title='bbox 827 1386 939 1439; x_wconf 82' lang='lat' dir='ltr'>hordeaceo</span> <span class='ocrx_word' id='word_1_150' title='bbox 951 1388 974 1436; x_wconf 91' lang='lat' dir='ltr'>in</span> <span class='ocrx_word' id='word_1_151' title='bbox 989 1386 1067 1438; x_wconf 83' lang='lat' dir='ltr'>meffis</span> 
     </span>
     <span class='ocr_line' id='line_1_18' title="bbox 159 1451 1067 1516; baseline -0.006 -9"><span class='ocrx_word' id='word_1_152' title='bbox 159 1456 269 1512; x_wconf 81' lang='lat' dir='ltr'>exordia,</span> <span class='ocrx_word' id='word_1_153' title='bbox 281 1463 332 1503; x_wconf 91' lang='lat' dir='ltr'>tum</span> <span class='ocrx_word' id='word_1_154' title='bbox 345 1453 425 1501; x_wconf 82' lang='lat' dir='ltr'>duobus</span> <span class='ocrx_word' id='word_1_155' title='bbox 435 1452 524 1515; x_wconf 80' lang='lat' dir='ltr'>panibus</span> <span class='ocrx_word' id='word_1_156' title='bbox 538 1453 705 1516; x_wconf 71' lang='lat' dir='ltr'>perttecostaiiius</span> <span class='ocrx_word' id='word_1_157' title='bbox 714 1454 737 1500; x_wconf 88' lang='lat' dir='ltr'>in</span> <span class='ocrx_word' id='word_1_158' title='bbox 754 1451 802 1501; x_wconf 76' lang='lat' dir='ltr'>fitne</span> <span class='ocrx_word' id='word_1_159' title='bbox 818 1452 911 1508; x_wconf 76' lang='lat' dir='ltr'>meista,</span> <span class='ocrx_word' id='word_1_160' title='bbox 927 1462 978 1502; x_wconf 80' lang='lat' dir='ltr'>tuna</span> <span class='ocrx_word' id='word_1_161' title='bbox 994 1455 1067 1502; x_wconf 85' lang='lat' dir='ltr'>etiam</span> 
     </span>
     <span class='ocr_line' id='line_1_19' title="bbox 158 1516 1068 1584; baseline -0.003 -13"><span class='ocrx_word' id='word_1_162' title='bbox 158 1522 214 1574; x_wconf 74' lang='grc' dir='ltr'>ΧΗ.</span> <span class='ocrx_word' id='word_1_163' title='bbox 225 1521 315 1584; x_wconf 73' lang='lat' dir='ltr'>panibus</span> <span class='ocrx_word' id='word_1_164' title='bbox 327 1518 470 1581; x_wconf 83' lang='lat' dir='ltr'>propofiu&#39;oais</span> <span class='ocrx_word' id='word_1_165' title='bbox 483 1520 583 1569; x_wconf 86' lang='lat' dir='ltr'>nomine</span> <span class='ocrx_word' id='word_1_166' title='bbox 601 1517 700 1581; x_wconf 84' lang='lat' dir='ltr'>publico</span> <span class='ocrx_word' id='word_1_167' title='bbox 718 1516 853 1569; x_wconf 81' lang='lat' dir='ltr'>offerendis,</span> <span class='ocrx_word' id='word_1_168' title='bbox 900 1516 1068 1568; x_wconf 88' lang='lat' dir='ltr'>Declaraverat</span> 
     </span>
     <span class='ocr_line' id='line_1_20' title="bbox 160 1581 1068 1653; baseline -0.003 -19"><span class='ocrx_word' id='word_1_169' title='bbox 160 1587 266 1653; x_wconf 73' lang='lat' dir='ltr'>popolus</span> <span class='ocrx_word' id='word_1_170' title='bbox 281 1585 361 1641; x_wconf 78' lang='lat' dir='ltr'>ritibus</span> <span class='ocrx_word' id='word_1_171' title='bbox 378 1583 414 1631; x_wconf 90' lang='lat' dir='ltr'>his</span> <span class='ocrx_word' id='word_1_172' title='bbox 424 1582 568 1638; x_wconf 75' lang='lat' dir='ltr'>solennibus,</span> <span class='ocrx_word' id='word_1_173' title='bbox 584 1581 681 1631; x_wconf 78' lang='lat' dir='ltr'>meisem</span> <span class='ocrx_word' id='word_1_174' title='bbox 690 1581 735 1631; x_wconf 87' lang='lat' dir='ltr'>Dei</span> <span class='ocrx_word' id='word_1_175' title='bbox 749 1581 802 1639; x_wconf 81' lang='lat' dir='ltr'>effe,</span> <span class='ocrx_word' id='word_1_176' title='bbox 815 1582 836 1632; x_wconf 85' lang='lat' dir='ltr'>so</span> <span class='ocrx_word' id='word_1_177' title='bbox 847 1599 878 1632; x_wconf 79' lang='lat' dir='ltr'>ex</span> <span class='ocrx_word' id='word_1_178' title='bbox 888 1582 940 1631; x_wconf 76' lang='lat' dir='ltr'>solo</span> <span class='ocrx_word' id='word_1_179' title='bbox 954 1582 1068 1648; x_wconf 80' lang='lat' dir='ltr'>Numinis</span> 
     </span>
     <span class='ocr_line' id='line_1_21' title="bbox 161 1645 1069 1710; baseline -0.004 -9"><span class='ocrx_word' id='word_1_180' title='bbox 161 1650 257 1702; x_wconf 81' lang='lat' dir='ltr'>indultu</span> <span class='ocrx_word' id='word_1_181' title='bbox 281 1647 360 1710; x_wconf 75' lang='lat' dir='ltr'>fruges</span> <span class='ocrx_word' id='word_1_182' title='bbox 385 1646 522 1702; x_wconf 78' lang='lat' dir='ltr'>demetere,</span> <span class='ocrx_word' id='word_1_183' title='bbox 542 1646 731 1695; x_wconf 78' lang='lat' dir='ltr'>benedittionem</span> <span class='ocrx_word' id='word_1_184' title='bbox 754 1646 858 1695; x_wconf 87' lang='lat' dir='ltr'>divinam</span> <span class='ocrx_word' id='word_1_185' title='bbox 884 1645 1012 1710; x_wconf 62' lang='lat' dir='ltr'>expetere}</span> <span class='ocrx_word' id='word_1_186' title='bbox 1042 1662 1069 1697; x_wconf 85' lang='lat' dir='ltr'>ac</span> 
     </span>
    </p>

    <p class='ocr_par' dir='ltr' id='par_1_6' title="bbox 143 1708 1067 1832">
     <span class='ocr_line' id='line_1_22' title="bbox 143 1708 1067 1782; baseline -0.001 -17"><span class='ocrx_word' id='word_1_187' title='bbox 143 1712 204 1782; x_wconf 71' lang='lat' dir='ltr'>&#39;pro</span> <span class='ocrx_word' id='word_1_188' title='bbox 220 1710 327 1762; x_wconf 68' lang='lat' dir='ltr'>concaua</span> <span class='ocrx_word' id='word_1_189' title='bbox 345 1708 417 1758; x_wconf 77' lang='lat' dir='ltr'>nteffe</span> <span class='ocrx_word' id='word_1_190' title='bbox 432 1709 539 1773; x_wconf 88' lang='lat' dir='ltr'>publicas</span> <span class='ocrx_word' id='word_1_191' title='bbox 554 1711 608 1760; x_wconf 89' lang='lat' dir='ltr'>dare</span> <span class='ocrx_word' id='word_1_192' title='bbox 620 1719 719 1775; x_wconf 78' lang='lat' dir='ltr'>grates3</span> <span class='ocrx_word' id='word_1_193' title='bbox 737 1708 876 1761; x_wconf 81' lang='lat' dir='ltr'>Duodecim</span> <span class='ocrx_word' id='word_1_194' title='bbox 887 1709 974 1761; x_wconf 73' lang='lat' dir='ltr'>lsradlis</span> <span class='ocrx_word' id='word_1_195' title='bbox 991 1713 1067 1764; x_wconf 82' lang='lat' dir='ltr'>tribus</span> 
     </span>
     <span class='ocr_line' id='line_1_23' title="bbox 157 1773 760 1832; baseline -0.017 0"><span class='ocrx_word' id='word_1_196' title='bbox 157 1776 320 1832; x_wconf 87' lang='lat' dir='ltr'>munificentia</span> <span class='ocrx_word' id='word_1_197' title='bbox 334 1773 383 1826; x_wconf 88' lang='lat' dir='ltr'>Dei</span> <span class='ocrx_word' id='word_1_198' title='bbox 401 1774 486 1826; x_wconf 85' lang='lat' dir='ltr'>vivere.</span> <span class='ocrx_word' id='word_1_199' title='bbox 757 1790 760 1794; x_wconf 74' lang='grc'>’</span> 
     </span>
    </p>
   </div>
   <div class='ocr_carea' id='block_1_6' title="bbox 158 1869 1068 2191">
    <p class='ocr_par' dir='ltr' id='par_1_7' title="bbox 158 1869 1068 2191">
     <span class='ocr_line' id='line_1_24' title="bbox 222 1869 1067 1940; baseline 0.001 -14"><span class='ocrx_word' id='word_1_200' title='bbox 222 1875 245 1935; x_wconf 82' lang='lat'>§.</span> <span class='ocrx_word' id='word_1_201' title='bbox 260 1869 418 1926; x_wconf 80' lang='lat' dir='ltr'>LXXVII.</span> <span class='ocrx_word' id='word_1_202' title='bbox 449 1870 559 1934; x_wconf 80' lang='lat' dir='ltr'>Quando</span> <span class='ocrx_word' id='word_1_203' title='bbox 574 1887 632 1923; x_wconf 85' lang='lat' dir='ltr'>vero</span> <span class='ocrx_word' id='word_1_204' title='bbox 646 1871 795 1924; x_wconf 74' lang='lat' dir='ltr'>Reulsrabiis</span> <span class='ocrx_word' id='word_1_205' title='bbox 809 1876 916 1937; x_wconf 81' lang='lat' dir='ltr'>Spiritus,</span> <span class='ocrx_word' id='word_1_206' title='bbox 936 1875 976 1940; x_wconf 91' lang='lat' dir='ltr'>qui</span> <span class='ocrx_word' id='word_1_207' title='bbox 991 1876 1067 1927; x_wconf 75' lang='lat' dir='ltr'>sarim</span> 
     </span>
     <span class='ocr_line' id='line_1_25' title="bbox 158 1938 1067 2005; baseline -0.004 -10"><span class='ocrx_word' id='word_1_208' title='bbox 158 1960 207 1995; x_wconf 90' lang='lat' dir='ltr'>non</span> <span class='ocrx_word' id='word_1_209' title='bbox 219 1943 297 1997; x_wconf 78' lang='lat' dir='ltr'>alitur,</span> <span class='ocrx_word' id='word_1_210' title='bbox 311 1940 355 1996; x_wconf 80' lang='lat' dir='ltr'>eii,</span> <span class='ocrx_word' id='word_1_211' title='bbox 369 1953 452 2003; x_wconf 81' lang='lat' dir='ltr'>parunt</span> <span class='ocrx_word' id='word_1_212' title='bbox 464 1939 495 1987; x_wconf 86' lang='lat' dir='ltr'>de</span> <span class='ocrx_word' id='word_1_213' title='bbox 505 1938 567 1988; x_wconf 80' lang='lat' dir='ltr'>ferto</span> <span class='ocrx_word' id='word_1_214' title='bbox 578 1940 634 2002; x_wconf 80' lang='lat' dir='ltr'>igne</span> <span class='ocrx_word' id='word_1_215' title='bbox 648 1938 836 1996; x_wconf 79' lang='lat' dir='ltr'>incendebatur,</span> <span class='ocrx_word' id='word_1_216' title='bbox 853 1939 960 2005; x_wconf 76' lang='lat' dir='ltr'>reliquia</span> <span class='ocrx_word' id='word_1_217' title='bbox 975 1941 1067 1991; x_wconf 77' lang='lat' dir='ltr'>aieradis</span> 
     </span>
     <span class='ocr_line' id='line_1_26' title="bbox 158 2003 1066 2069; baseline -0.007 -7"><span class='ocrx_word' id='word_1_218' title='bbox 158 2007 274 2062; x_wconf 77' lang='lat' dir='ltr'>uuunus</span> <span class='ocrx_word' id='word_1_219' title='bbox 293 2003 464 2054; x_wconf 81' lang='lat' dir='ltr'>inserviverant.</span> <span class='ocrx_word' id='word_1_220' title='bbox 519 2003 699 2054; x_wconf 89' lang='lat' dir='ltr'>Convenieuter</span> <span class='ocrx_word' id='word_1_221' title='bbox 715 2014 796 2054; x_wconf 79' lang='lat' dir='ltr'>tamon</span> <span class='ocrx_word' id='word_1_222' title='bbox 812 2005 991 2069; x_wconf 71' lang='lat' dir='ltr'>excipiebantur</span> <span class='ocrx_word' id='word_1_223' title='bbox 1007 2007 1066 2056; x_wconf 83' lang='lat' dir='ltr'>ferta</span> 
     </span>
     <span class='ocr_line' id='line_1_27' title="bbox 159 2066 1068 2137; baseline -0.004 -12"><span class='ocrx_word' id='word_1_224' title='bbox 159 2069 309 2125; x_wconf 83' lang='lat' dir='ltr'>sacerdotalia</span> <span class='ocrx_word' id='word_1_225' title='bbox 321 2078 371 2118; x_wconf 86' lang='lat' dir='ltr'>tota</span> <span class='ocrx_word' id='word_1_226' title='bbox 386 2070 442 2132; x_wconf 86' lang='lat' dir='ltr'>igne</span> <span class='ocrx_word' id='word_1_227' title='bbox 455 2066 605 2119; x_wconf 79' lang='lat' dir='ltr'>absumenda.</span> <span class='ocrx_word' id='word_1_228' title='bbox 653 2068 741 2135; x_wconf 88' lang='lat' dir='ltr'>Neque</span> <span class='ocrx_word' id='word_1_229' title='bbox 757 2070 822 2120; x_wconf 87' lang='lat' dir='ltr'>enim</span> <span class='ocrx_word' id='word_1_230' title='bbox 835 2068 963 2129; x_wconf 76' lang='lat' dir='ltr'>decantet,</span> <span class='ocrx_word' id='word_1_231' title='bbox 984 2081 1011 2123; x_wconf 88' lang='lat' dir='ltr'>ut</span> <span class='ocrx_word' id='word_1_232' title='bbox 1025 2071 1068 2137; x_wconf 79' lang='lat' dir='ltr'>ipsa</span> 
     </span>
     <span class='ocr_line' id='line_1_28' title="bbox 159 2133 593 2191; baseline -0.016 0"><span class='ocrx_word' id='word_1_233' title='bbox 159 2137 299 2191; x_wconf 81' lang='lat' dir='ltr'>Sacerdotes</span> <span class='ocrx_word' id='word_1_234' title='bbox 313 2133 350 2185; x_wconf 87' lang='lat' dir='ltr'>sua</span> <span class='ocrx_word' id='word_1_235' title='bbox 362 2134 513 2185; x_wconf 83' lang='lat' dir='ltr'>abiumerent</span> <span class='ocrx_word' id='word_1_236' title='bbox 524 2134 593 2184; x_wconf 89' lang='lat' dir='ltr'>dona.</span> 
     </span>
    </p>
   </div>
   <div class='ocr_carea' id='block_1_7' title="bbox 155 2229 1067 2886">
    <p class='ocr_par' dir='ltr' id='par_1_8' title="bbox 155 2229 1067 2820">
     <span class='ocr_line' id='line_1_29' title="bbox 224 2229 1067 2298; baseline 0 -14"><span class='ocrx_word' id='word_1_237' title='bbox 224 2240 246 2294; x_wconf 59' lang='grc' dir='ltr'>ἓ.</span> <span class='ocrx_word' id='word_1_238' title='bbox 261 2229 435 2284; x_wconf 81' lang='lat' dir='ltr'>LXXVIII.</span> <span class='ocrx_word' id='word_1_239' title='bbox 454 2229 560 2283; x_wconf 86' lang='lat' dir='ltr'>Haecvel</span> <span class='ocrx_word' id='word_1_240' title='bbox 575 2230 793 2284; x_wconf 77' lang='lat' dir='ltr'>carnaleslsrablitar</span> <span class='ocrx_word' id='word_1_241' title='bbox 807 2247 905 2283; x_wconf 87' lang='lat' dir='ltr'>cernere</span> <span class='ocrx_word' id='word_1_242' title='bbox 920 2239 1067 2298; x_wconf 80' lang='lat' dir='ltr'>poteraut&amp;</span> 
     </span>
     <span class='ocr_line' id='line_1_30' title="bbox 158 2296 1065 2364; baseline -0.003 -12"><span class='ocrx_word' id='word_1_243' title='bbox 158 2302 283 2353; x_wconf 85' lang='lat' dir='ltr'>debebant.</span> <span class='ocrx_word' id='word_1_244' title='bbox 317 2296 370 2347; x_wconf 88' lang='lat' dir='ltr'>Nec</span> <span class='ocrx_word' id='word_1_245' title='bbox 384 2306 462 2346; x_wconf 88' lang='lat' dir='ltr'>tamen</span> <span class='ocrx_word' id='word_1_246' title='bbox 475 2312 575 2348; x_wconf 74' lang='lat' dir='ltr'>oannem</span> <span class='ocrx_word' id='word_1_247' title='bbox 587 2297 679 2349; x_wconf 82' lang='lat' dir='ltr'>sensum</span> <span class='ocrx_word' id='word_1_248' title='bbox 691 2296 763 2360; x_wconf 80' lang='lat' dir='ltr'>Legis</span> <span class='ocrx_word' id='word_1_249' title='bbox 773 2307 839 2348; x_wconf 86' lang='lat' dir='ltr'>tanto</span> <span class='ocrx_word' id='word_1_250' title='bbox 851 2297 999 2361; x_wconf 82' lang='lat' dir='ltr'>Legislatote</span> <span class='ocrx_word' id='word_1_251' title='bbox 1011 2300 1065 2364; x_wconf 83' lang='lat' dir='ltr'>dig-</span> 
     </span>
     <span class='ocr_line' id='line_1_31' title="bbox 158 2360 1064 2432; baseline -0.002 -17"><span class='ocrx_word' id='word_1_252' title='bbox 158 2382 233 2432; x_wconf 86' lang='lat' dir='ltr'>gnum</span> <span class='ocrx_word' id='word_1_253' title='bbox 249 2363 399 2413; x_wconf 79' lang='lat' dir='ltr'>exluuriunt.</span> <span class='ocrx_word' id='word_1_254' title='bbox 435 2360 497 2417; x_wconf 80' lang='lat' dir='ltr'>aua,</span> <span class='ocrx_word' id='word_1_255' title='bbox 510 2378 562 2426; x_wconf 85' lang='lat' dir='ltr'>quae</span> <span class='ocrx_word' id='word_1_256' title='bbox 575 2364 650 2427; x_wconf 83' lang='lat' dir='ltr'>magis</span> <span class='ocrx_word' id='word_1_257' title='bbox 663 2362 752 2418; x_wconf 83' lang='lat' dir='ltr'>latent,</span> <span class='ocrx_word' id='word_1_258' title='bbox 767 2363 790 2410; x_wconf 75' lang='lat' dir='ltr'>dr</span> <span class='ocrx_word' id='word_1_259' title='bbox 805 2367 946 2419; x_wconf 65' lang='grc' dir='ltr'>πνευματικῆς</span> <span class='ocrx_word' id='word_1_260' title='bbox 957 2367 1064 2413; x_wconf 55' lang='lat' dir='ltr'>intutam</span> 
     </span>
     <span class='ocr_line' id='line_1_32' title="bbox 156 2424 1064 2492; baseline -0.006 -9"><span class='ocrx_word' id='word_1_261' title='bbox 156 2434 222 2488; x_wconf 80' lang='lat' dir='ltr'>iant,</span> <span class='ocrx_word' id='word_1_262' title='bbox 238 2430 329 2479; x_wconf 85' lang='lat' dir='ltr'>intendi</span> <span class='ocrx_word' id='word_1_263' title='bbox 344 2428 447 2477; x_wconf 83' lang='lat' dir='ltr'>maxima</span> <span class='ocrx_word' id='word_1_264' title='bbox 462 2428 566 2477; x_wconf 86' lang='lat' dir='ltr'>ueritatis</span> <span class='ocrx_word' id='word_1_265' title='bbox 579 2425 657 2492; x_wconf 77' lang='lat' dir='ltr'>specio</span> <span class='ocrx_word' id='word_1_266' title='bbox 669 2424 780 2475; x_wconf 79' lang='lat' dir='ltr'>offeritur.</span> <span class='ocrx_word' id='word_1_267' title='bbox 823 2425 845 2476; x_wconf 83' lang='lat' dir='ltr'>Si</span> <span class='ocrx_word' id='word_1_268' title='bbox 862 2429 926 2477; x_wconf 90' lang='lat' dir='ltr'>euim</span> <span class='ocrx_word' id='word_1_269' title='bbox 940 2427 978 2478; x_wconf 84' lang='lat' dir='ltr'>len</span> <span class='ocrx_word' id='word_1_270' title='bbox 997 2446 1064 2486; x_wconf 71' lang='lat' dir='ltr'>cere,-</span> 
     </span>
     <span class='ocr_line' id='line_1_33' title="bbox 156 2491 1067 2558; baseline -0.004 -10"><span class='ocrx_word' id='word_1_271' title='bbox 156 2495 267 2548; x_wconf 88' lang='lat' dir='ltr'>mouialis</span> <span class='ocrx_word' id='word_1_272' title='bbox 283 2496 306 2542; x_wconf 93' lang='lat' dir='ltr'>iu</span> <span class='ocrx_word' id='word_1_273' title='bbox 321 2508 408 2556; x_wconf 83' lang='lat' dir='ltr'>genere</span> <span class='ocrx_word' id='word_1_274' title='bbox 425 2507 504 2541; x_wconf 84' lang='lat' dir='ltr'>rerum</span> <span class='ocrx_word' id='word_1_275' title='bbox 523 2491 679 2558; x_wconf 84' lang='lat' dir='ltr'>spiritualium</span> <span class='ocrx_word' id='word_1_276' title='bbox 693 2491 919 2557; x_wconf 83' lang='lat' dir='ltr'>&amp;evangelicarum</span> <span class='ocrx_word' id='word_1_277' title='bbox 936 2495 1021 2544; x_wconf 78' lang='lat' dir='ltr'>uuabra</span> <span class='ocrx_word' id='word_1_278' title='bbox 1034 2494 1067 2544; x_wconf 82' lang='lat' dir='ltr'>est</span> 
     </span>
     <span class='ocr_line' id='line_1_34' title="bbox 156 2556 1067 2622; baseline -0.005 -8"><span class='ocrx_word' id='word_1_279' title='bbox 156 2561 229 2614; x_wconf 86' lang='lat' dir='ltr'>Hebr.</span> <span class='ocrx_word' id='word_1_280' title='bbox 244 2559 277 2611; x_wconf 83' lang='lat' dir='ltr'>X.</span> <span class='ocrx_word' id='word_1_281' title='bbox 291 2573 309 2608; x_wconf 87' lang='lat'>1.</span> <span class='ocrx_word' id='word_1_282' title='bbox 330 2556 513 2609; x_wconf 72' lang='lat' dir='ltr'>Coloiiii.16.</span> <span class='ocrx_word' id='word_1_283' title='bbox 537 2570 570 2618; x_wconf 85' lang='lat'>17.</span> <span class='ocrx_word' id='word_1_284' title='bbox 601 2572 675 2622; x_wconf 86' lang='lat' dir='ltr'>quare</span> <span class='ocrx_word' id='word_1_285' title='bbox 690 2571 739 2606; x_wconf 91' lang='lat' dir='ltr'>uon</span> <span class='ocrx_word' id='word_1_286' title='bbox 759 2559 828 2608; x_wconf 88' lang='lat' dir='ltr'>etiam</span> <span class='ocrx_word' id='word_1_287' title='bbox 845 2558 885 2608; x_wconf 83' lang='lat' dir='ltr'>lex</span> <span class='ocrx_word' id='word_1_288' title='bbox 903 2558 1013 2609; x_wconf 85' lang='lat' dir='ltr'>defertis</span> <span class='ocrx_word' id='word_1_289' title='bbox 1030 2561 1067 2609; x_wconf 88' lang='lat' dir='ltr'>in-</span> 
     </span>
     <span class='ocr_line' id='line_1_35' title="bbox 157 2621 1066 2693; baseline 0 -19"><span class='ocrx_word' id='word_1_290' title='bbox 157 2638 226 2693; x_wconf 78' lang='lat' dir='ltr'>tegro</span> <span class='ocrx_word' id='word_1_291' title='bbox 238 2626 332 2689; x_wconf 85' lang='lat' dir='ltr'>eapite,</span> <span class='ocrx_word' id='word_1_292' title='bbox 351 2622 398 2672; x_wconf 90' lang='lat' dir='ltr'>scil.</span> <span class='ocrx_word' id='word_1_293' title='bbox 417 2621 472 2673; x_wconf 79' lang='lat' dir='ltr'>Lea.</span> <span class='ocrx_word' id='word_1_294' title='bbox 483 2624 512 2674; x_wconf 87' lang='lat' dir='ltr'>u.</span> <span class='ocrx_word' id='word_1_295' title='bbox 532 2623 595 2678; x_wconf 84' lang='lat' dir='ltr'>lata,</span> <span class='ocrx_word' id='word_1_296' title='bbox 618 2638 647 2672; x_wconf 90' lang='lat' dir='ltr'>ac</span> <span class='ocrx_word' id='word_1_297' title='bbox 659 2623 728 2672; x_wconf 86' lang='lat' dir='ltr'>toties</span> <span class='ocrx_word' id='word_1_298' title='bbox 743 2625 843 2688; x_wconf 86' lang='lat' dir='ltr'>repetita</span> <span class='ocrx_word' id='word_1_299' title='bbox 858 2623 1021 2687; x_wconf 68' lang='lat' dir='ltr'>deductaque,</span> <span class='ocrx_word' id='word_1_300' title='bbox 1040 2632 1066 2674; x_wconf 87' lang='lat' dir='ltr'>ut</span> 
     </span>
     <span class='ocr_line' id='line_1_36' title="bbox 155 2686 1066 2756; baseline -0.003 -15"><span class='ocrx_word' id='word_1_301' title='bbox 155 2691 358 2756; x_wconf 75' lang='lat' dir='ltr'>exsuperioribus</span> <span class='ocrx_word' id='word_1_302' title='bbox 374 2688 465 2738; x_wconf 85' lang='lat' dir='ltr'>constat</span> <span class='ocrx_word' id='word_1_303' title='bbox 483 2687 492 2736; x_wconf 78' lang='lat' dir='ltr'>i</span> <span class='ocrx_word' id='word_1_304' title='bbox 521 2687 546 2738; x_wconf 81' lang='lat' dir='ltr'>Si</span> <span class='ocrx_word' id='word_1_305' title='bbox 559 2687 621 2737; x_wconf 81' lang='lat' dir='ltr'>solua</span> <span class='ocrx_word' id='word_1_306' title='bbox 636 2687 676 2736; x_wconf 88' lang='lat' dir='ltr'>iiie</span> <span class='ocrx_word' id='word_1_307' title='bbox 686 2686 770 2752; x_wconf 75' lang='lat' dir='ltr'>scopum</span> <span class='ocrx_word' id='word_1_308' title='bbox 785 2726 791 2743; x_wconf 89' lang='lat'><strong>‚</strong></span> <span class='ocrx_word' id='word_1_309' title='bbox 815 2703 887 2753; x_wconf 81' lang='lat' dir='ltr'>quom</span> <span class='ocrx_word' id='word_1_310' title='bbox 905 2690 1015 2752; x_wconf 78' lang='lat' dir='ltr'>politicum</span> <span class='ocrx_word' id='word_1_311' title='bbox 1028 2689 1066 2738; x_wconf 84' lang='lat' dir='ltr'>uel</span> 
     </span>
     <span class='ocr_line' id='line_1_37' title="bbox 156 2751 1063 2820; baseline -0.011 -9"><span class='ocrx_word' id='word_1_312' title='bbox 156 2775 210 2811; x_wconf 81' lang='lat' dir='ltr'>curta</span> <span class='ocrx_word' id='word_1_313' title='bbox 228 2756 279 2809; x_wconf 77' lang='lat' dir='ltr'>aliis</span> <span class='ocrx_word' id='word_1_314' title='bbox 293 2754 391 2805; x_wconf 82' lang='lat' dir='ltr'>tuoralem</span> <span class='ocrx_word' id='word_1_315' title='bbox 410 2769 493 2804; x_wconf 84' lang='lat' dir='ltr'>uocare</span> <span class='ocrx_word' id='word_1_316' title='bbox 509 2752 593 2820; x_wconf 65' lang='lat' dir='ltr'>poiseo,</span> <span class='ocrx_word' id='word_1_317' title='bbox 609 2751 622 2803; x_wconf 70' lang='lat' dir='ltr'>a</span> <span class='ocrx_word' id='word_1_318' title='bbox 642 2752 697 2806; x_wconf 89' lang='lat' dir='ltr'>Deo</span> <span class='ocrx_word' id='word_1_319' title='bbox 713 2755 820 2805; x_wconf 85' lang='lat' dir='ltr'>iuteutus</span> <span class='ocrx_word' id='word_1_320' title='bbox 837 2753 905 2811; x_wconf 67' lang='lat' dir='ltr'>edat,</span> <span class='ocrx_word' id='word_1_321' title='bbox 920 2763 957 2805; x_wconf 87' lang='lat' dir='ltr'>tot</span> <span class='ocrx_word' id='word_1_322' title='bbox 969 2753 1063 2819; x_wconf 76' lang='lat' dir='ltr'>Leges,</span> 
     </span>
    </p>

    <p class='ocr_par' dir='ltr' id='par_1_9' title="bbox 1012 2835 1065 2886">
     <span class='ocr_line' id='line_1_38' title="bbox 1012 2835 1065 2886; baseline 0.019 -18"><span class='ocrx_word' id='word_1_323' title='bbox 1012 2835 1065 2886; x_wconf 74' lang='lat' dir='ltr'>quaa</span> 
     </span>
    </p>
   </div>
   <div class='ocr_carea' id='block_1_8' title="bbox 0 0 1155 3134">
    <p class='ocr_par' dir='ltr' id='par_1_10' title="bbox 0 0 1155 3134">
     <span class='ocr_line' id='line_1_39' title="bbox 0 0 1155 3134; baseline 0 0"><span class='ocrx_word' id='word_1_324' title='bbox 0 0 1155 3134; x_wconf 95' lang='lat' dir='ltr'> </span> 
     </span>
    </p>
   </div>
  </div>
 </body>
</html>
