2297 3134
192 232 248 279 ato
443 176 446 186 ’
557 196 711 275 Mestum

193 306 295 358 minime
309 309 497 375 praecipitandus.
543 305 692 358 Excludendi
710 313 794 373 quarto
810 307 834 358 ὃς
848 306 936 358 ultimo
949 302 1012 358 abus
1032 305 1100 357 insci-

194 374 227 424 tia
242 374 266 423 δι
279 374 367 425 malitia
382 378 506 425 bominum
524 383 607 423 eontra
624 375 782 424 intentionem
797 372 844 424 Dei
863 372 929 430 faut,
946 373 1019 440 qualis
1034 372 1101 423 velli-

195 440 311 498 cationes,
322 441 480 505 enlpuitioneu
494 438 616 495 livehitci
634 439 770 495 linconen,
783 440 819 501 -de
831 439 918 502 quibus
934 440 954 498 b.
971 453 1022 500 347.
1045 446 1097 500 348.

196 503 396 571 Comparationem
415 506 484 554 etiam
501 508 589 568 argutae
603 505 661 554 nibil
682 505 785 569 probant
803 504 930 555 deficiente
942 515 1026 557 natura
1040 507 1098 571 typi.

194 570 324 635 ingenium
338 567 491 635 &phantalia
504 569 610 621 huminis
624 570 734 622 facillime
752 579 884 636 comparat.

261 668 282 728 b
303 680 356 729 574.
374 666 437 730 Quae
453 683 513 734 ergo
531 669 556 719 in
570 668 703 721 llllinllleno
721 666 870 735 Expiationis
885 670 965 734 typica
982 667 1042 718 reite
1059 666 1098 719 ha-

193 732 302 783 bentur?
317 738 395 797 Leges
406 733 492 785 diuinae
508 734 575 786 claris
586 736 661 786 verbis
676 736 750 792 datae,
768 737 842 785 veluti
857 735 886 784 do
902 736 997 785 duobus
1014 733 1097 792 hircis,

192 814 244 847 uno
256 797 389 856 uincienda,
403 799 479 849 altero
493 802 548 850 tivo
560 800 704 852 dimittendo
714 801 769 852 Lev.
782 799 849 852 >tvl
866 814 942 860 7-11;
960 815 994 862 15.
1010 812 1045 850 21.
1057 811 1095 850 22.

191 861 271 914 suffitu
288 878 309 912 v.
327 877 361 915 12.
382 877 415 922 13.
450 864 620 927 aspersionibus
635 868 659 915 in
678 865 831 922 santrilllmo³
859 865 936 915 [anulo
955 881 975 915 v.
993 878 1042 925 14·
1057 876 1094 915 αι.

191 929 362 979 combustione
376 929 517 980 cadaverum
537 945 557 978 v.
571 941 608 987 27.
627 932 651 980 δι
664 931 712 981 aliis
722 930 889 989 corasunilibun
927 930 988 982 Dein
1002 931 1059 979 ritus
1073 930 1097 979 ἃ

191 993 255 1043 attus
269 1009 319 1043 non
335 993 433 1060 quidem
447 993 537 1044 disertis
550 995 627 1045 verbis
640 998 780 1053 memorati,
795 998 836 1062 qui
849 1007 928 1047 tamen
942 997 1097 1057 eontinentur

188 1059 214 1109 in
223 1060 312 1110 virtute
322 1058 418 1109 horum.
461 1058 523 1121 Quae
540 1061 604 1110 enim
616 1063 675 1112 tutio
692 1060 790 1111 aliarum
803 1064 907 1127 partium
925 1062 989 1111 verbi
1007 1060 1094 1117 divini,

188 1124 273 1175 eadem
285 1126 379 1190 typicae,
413 1124 443 1175 at
455 1124 504 1175 aliae
513 1133 589 1189 partes
598 1126 703 1189 gaudent
716 1127 802 1177 virture
815 1137 933 1176 certarum
948 1125 1096 1191 consequen-

188 1191 292 1247 tiorum,
309 1205 363 1254 quaa
375 1206 425 1253 uon
439 1191 517 1240 minus
532 1206 577 1255 pro
593 1193 667 1241 verbo
682 1190 730 1242 Dei
744 1190 881 1247 habentur,
897 1207 969 1256 quam
990 1188 1095 1256 enpreffa

188 1256 265 1305 verba.
301 1255 368 1305 Nolo
382 1258 528 1321 argumentis
542 1255 660 1321 probare,
674 1271 726 1322 quae
737 1268 803 1307 entra
820 1256 1007 1306 controversum
1020 1254 1095 1320 pofita

121 1333 123 1337 ’
184 1320 245 1371 sunt.
281 1319 345 1371 Hinc
361 1337 427 1371 nunc
441 1320 668 1385 telteargumentor
686 1337 729 1386 pro
746 1322 797 1384 jure
814 1319 933 1384 ejusmodi
947 1321 1095 1385 consequenf

184 1388 272 1437 riarum
286 1388 309 1434 iu
324 1399 391 1450 parte
406 1390 491 1451 typica.
538 1387 658 1436 Attentior
670 1386 744 1436 tenor
762 1390 862 1451 reperiet
876 1386 1038 1450 legislatorem
1055 1383 1095 1435 cess

184 1452 349 1502 remoniarum
364 1450 445 1516 sapius
459 1450 568 1501 brevitati
577 1450 682 1509 studere,
698 1468 736 1502 eas
747 1467 796 1501 non
810 1451 881 1517 plane
897 1451 1031 1507 recensere,
1043 1466 1093 1500 non

185 1532 287 1567 omnem
301 1516 460 1580 &specialem
476 1518 566 1567 rituum
579 1516 698 1567 historiam
709 1516 807 1573 tradere,
826 1517 1010 1581 praesupponere
1025 1518 1093 1582 quud

186 1581 256 1646 plura
273 1580 473 1644 subintelligenda
487 1580 539 1637 sant,
556 1596 601 1630 ceu
615 1580 738 1631 necellaria
750 1581 877 1637 aduttum,
896 1581 925 1629 de
939 1597 988 1645 quo
1001 1581 1091 1631 senno:

185 1648 235 1697 Aut
251 1646 331 1695 omitti
342 1645 390 1695 hoe
402 1648 426 1695 in
438 1645 503 1701 loeo,
512 1660 564 1710 quae
579 1646 602 1693 in
615 1645 662 1695 alio
676 1645 774 1696 dedutla
785 1646 843 1695 sunt.
897 1644 980 1695 Sensus
997 1646 1092 1696 literalis

183 1711 256 1773 hujus
272 1710 356 1775 capitis
371 1710 440 1774 plura
455 1710 520 1760 dabit
532 1711 649 1774 exempla.
699 1708 804 1760 Sufficiat
823 1711 921 1760 unicum
943 1710 1089 1775 euernplum.

183 1775 268 1841 Capite
279 1774 328 1824 huc
340 1791 361 1825 v.
378 1789 414 1825 rr.
430 1788 465 1835 14.
482 1775 507 1824 fit
524 1775 616 1824 mentio
631 1776 723 1835 iuvenci
736 1776 840 1831 meritati,
856 1774 974 1839 laraguinis
987 1776 1015 1826 ad
1029 1775 1090 1840 spar-

181 1841 291 1908 gendum
306 1839 375 1891 sumti
387 1841 412 1890 tle
425 1838 505 1903 sparsi,
523 1855 573 1889 non
587 1839 644 1891 illati
655 1840 679 1889 iu
694 1838 865 1890 lurrttiffimum.
911 1838 996 1890 Nihilo
1011 1844 1091 1893 nriuus

180 1923 256 1957 nemo
270 1905 362 1956 dubitat
377 1905 406 1955 de
420 1905 527 1955 illatione
544 1906 603 1968 ejus.
657 1903 753 1970 lnsupet
769 1906 848 1971 typica
859 1904 926 1961 sunt,
944 1921 997 1969 quar
1011 1907 1090 1969 pulle-

180 1973 239 2022 riori
251 1980 363 2035 tempore
378 1980 483 2027 mutata,
502 1985 554 2035 quae
568 1979 648 2020 tanteu
666 1971 745 2021 exatle
763 1970 908 2035 respondent
922 1969 1015 2034 legibus
1030 1972 1088 2020 divi-

179 2039 230 2094 nit,
251 2035 334 2087 otiliae
349 2036 441 2087 exstant
453 2037 477 2085 in
493 2035 569 2086 Male.
621 2036 657 2086 Ab
672 2037 741 2086 initio
757 2037 869 2086 cadavera
886 2044 951 2085 extra
964 2037 1035 2086 cultra
1047 2052 1088 2086 ex-

179 2103 337 2169 ponebantur
355 2116 382 2152 au
399 2102 602 2152 comburebantur
621 2116 640 2151 v.
656 2114 694 2161 27.
712 2100 751 2151 sed
765 2101 845 2166 postea
865 2110 931 2150 extra
949 2099 1088 2167 Hierosoly-

179 2183 252 2217 mam.
303 2166 386 2228 Quare
404 2183 479 2217 unum
498 2166 612 2230 idemque
631 2180 692 2216 extra
713 2170 777 2229 castro
794 2167 818 2216 ἃ
839 2179 900 2214 extra
925 2167 1088 2228 nterofhbaum

180 2232 249 2298 quod
261 2231 323 2281 clare
335 2231 420 2282 scimus
433 2247 463 2282 eu
478 2231 550 2282 Hebr.
566 2230 634 2283 Xlll.
650 2247 685 2281 rr.
705 2245 739 2281 12.
754 2245 789 2289 13.
818 2230 881 2290 Quae
892 2230 939 2280 boc
955 2232 1031 2295 capite
1044 2248 1087 2282 ex·
1121 2291 1123 2293 ‚

179 2295 257 2363 prelle
272 2297 427 2346 dicunturde
439 2296 613 2347 tibatonem.
629 2311 649 2356 3.
679 2294 846 2346 Tabernaculo
862 2304 997 2346 conventus
1013 2312 1033 2346 v.
1048 2305 1084 2347 16.

116 2359 117 2362 ’
179 2359 646 2426 valentdeomnil’ontifice,Templo.
682 2359 829 2423 lmusparfio
848 2361 1085 2425 typieu,quaesta11-

178 2437 203 2479 te
218 2427 385 2477 Tabernaenlo
399 2427 423 2476 ele
437 2425 543 2490 Templo
558 2426 574 2475 l.
588 2441 669 2476 coram
687 2441 738 2476 arca
759 2434 807 2476 erat
817 2424 893 2481 latta,
916 2426 967 2476 talis
985 2443 1085 2492 quoque

177 2496 258 2568 typica
276 2491 318 2542 sub
331 2491 437 2557 Templo
447 2490 475 2541 ll.
497 2489 561 2566 nulla
580 2506 631 2541 area
650 2490 768 2566 praesente,
805 2489 896 2567 lQuod·
907 2491 996 2567 absque
1013 2494 1084 2559 culpa

176 2558 307 2610 bounnmn
322 2558 393 2615 abest,
410 2573 460 2608 uon
478 2556 542 2608 tollit
558 2555 821 2621 cultum,vel1mped1t
836 2566 936 2623 gratiam
947 2556 1001 2608 Dei.

241 2660 263 2717 ἓ.
286 2669 338 2717 575.
359 2656 393 2707 Ut
404 2655 515 2707 dedutlio
525 2655 602 2707 sensus
614 2655 713 2721 mystici
730 2670 857 2722 quaenunc
871 2655 988 2720 sequitur,
1006 2655 1082 2719 nlaio-

173 2737 223 2774 rem
235 2724 336 2789 reperiat
352 2722 437 2781 fidem,
449 2721 498 2774 duo
514 2732 621 2774 extrema
636 2721 735 2774 evitabo.
783 2722 902 2778 Illorum,
922 2723 963 2787 qui
973 2723 1081 2772 animum

997 2795 1081 2839 tenent
