2297 3134
408 179 489 235 henli.
510 172 606 232 XVI.
623 188 666 238 33.
947 187 1001 241 309

80 291 81 295 ’
94 291 169 342 Exod.
182 289 284 352 xlt'm.
297 287 353 340 Lex.
366 287 456 339 XVlll.
469 299 507 345 30.
527 281 627 335 XXIX.
641 294 676 339 30.
695 273 791 328 Horum
802 274 899 333 ausen,
907 277 1001 343 plenius

96 356 156 407 uiua
167 359 190 406 in
206 356 320 407 fortunam
334 353 489 409 contrahere,
517 352 600 399 denuo
615 343 775 399 confirmare,
802 351 828 389 ut
840 341 922 414 clarius
941 359 1001 392 con-

95 423 139 471 tter
149 422 178 470 de
191 414 313 479 voluntate
326 418 474 483 legislatoris,
509 414 627 479 Epilogus
639 412 678 460 hic
690 404 877 472 contprehendrt
886 406 1002 460 lutunram

1 488 4 490 ’
95 484 166 551 Legis
181 486 210 536 de
224 484 358 536 Ministerio
372 481 521 546 Expiationis
536 478 639 527 toletanis
655 490 711 526 cuin
721 471 845 535 obfequio.

160 587 182 643 §-
199 590 252 643 467.
276 582 373 632 Summa
393 585 524 626 inemorata
547 571 733 638 comprehendit
754 568 908 619 durationem
930 565 1001 642 Legis

94 649 125 698 de
137 649 273 713 expiatione
289 644 398 698 lolenni.
414 641 515 704 scopum
529 639 553 688 dc
565 638 663 703 speciale
675 647 772 701 tempus
787 634 968 685 observationis.

158 748 179 802 ᾖ.
198 751 253 805 468.
269 740 372 795 Duratio
388 736 487 786 traditur
503 735 604 786 verbis:
630 736 757 796 lasciuaque
771 737 813 781 erit
827 732 921 781 valisin
931 734 1001 795 statur.

92 821 138 856 urm
147 810 244 866 partiare.
280 801 397 854 Particula
410 812 456 852 tint
468 799 621 851 tuonstrat&
636 799 703 850 ducit
714 799 745 849 ad
762 807 839 848 totam
856 796 1001 847 anteceden-

94 880 143 920 tem
156 870 247 934 Legem
259 866 451 932 praecipientem,
474 881 527 931 quae
541 865 554 915 a
570 863 687 916 Pontifice
704 865 730 913 &
745 870 799 913 toto
815 872 884 913 coetu
899 862 999 926 agenda.

90 933 186 984 Hebraei
201 931 348 982 muliebriter
359 932 513 994 exprimunt,
535 929 604 995 quod
618 930 657 979 alii
670 930 695 978 in
709 938 805 977 neutro.
842 933 891 977 thee
902 942 948 992 pro
964 926 1001 976 hoe

91 1012 113 1046 v.
132 996 194 1047 Gen.
206 994 284 1047 XLV.
301 1010 337 1053 19.
354 994 409 1045 Psal.
420 994 534 1046 CXVlll.
546 1006 585 1053 23.
606 993 670 1044 conf.
688 991 776 1048 marth.
790 989 863 1042 XXI.
876 1005 915 1053 42.
946 990 1001 1042 Du-

90 1062 152 1111 ratio
166 1061 318 1125 praecipitur:
336 1064 467 1119 latitaturum
479 1061 587 1123 secrrlare,
604 1069 652 1109 tam
667 1057 724 1114 diu,
739 1056 865 1121 quamdiu
880 1057 950 1107 durat
966 1055 1000 1106 se-

91 1125 173 1174 culum
186 1125 332 1175 oeconomiae
345 1124 457 1175 Molaicae
468 1161 475 1181 ,
486 1135 516 1176 ut
526 1126 574 1187 jam
589 1124 725 1189 probatum.
741 1122 784 1172 Uti
797 1136 818 1170 r.
830 1134 868 1180 29.
880 1122 958 1172 allum
969 1121 999 1171 de

91 1188 216 1240 duratione
228 1189 330 1239 solennis
340 1191 482 1254 expiationis
495 1205 537 1253 per
549 1187 692 1239 Pontificem
702 1225 710 1244 ,
720 1185 752 1236 stc
766 1202 787 1236 v.
804 1198 841 1244 30.
858 1184 999 1237 officiorum

89 1251 181 1303 acoetu
197 1252 390 1318 praeliandorum.
452 1252 508 1304 Hoc
528 1252 595 1302 versu
617 1267 675 1303 vero
693 1250 844 1315 conjunctim
870 1251 998 1302 mandatur

90 1327 189 1382 utraque
201 1320 225 1368 in
239 1318 305 1368 usum
324 1317 449 1382 specialem
466 1319 546 1383 gentis
561 1316 707 1375 israeliticae,
724 1331 778 1383 quae
793 1314 835 1367 sub
852 1316 902 1368 hoc
916 1315 999 1367 seculo

88 1392 211 1457 peculium
221 1392 274 1444 Dei.
294 1378 360 1443 1:25
376 1393 441 1442 vobis.

153 1492 176 1548 ᾗ.
194 1498 249 1549 469·
267 1489 383 1554 Scopus:
408 1489 446 1538 Aa
458 1489 583 1551 expiandum
594 1489 658 1539 filias
673 1489 737 1548 lsrael
752 1486 781 1538 ab
798 1488 894 1537 oraruibrrs
909 1490 999 1549 peccatis

88 1566 165 1601 turrim.
182 1552 231 1603 Hic
242 1554 340 1603 maximi
356 1554 426 1618 pretii
440 1553 583 1609 habebatur,
599 1552 663 1601 unde
672 1552 724 1602 solo
738 1552 788 1603 hoc
799 1554 877 1618 capite
895 1550 1000 1617 quinde-

88 1618 135 1665 cim
150 1619 240 1668 vicibus
252 1620 357 1668 occurrit
370 1619 394 1668 dc
410 1619 487 1683 capite
500 1617 607 1682 longiori
621 1619 646 1666 in
662 1616 780 1668 lurnntam
797 1615 921 1668 contrado
935 1615 999 1666 solur

87 1691 242 1735 memoratur.
276 1682 306 1732 Et
317 1682 367 1733 talis
380 1688 479 1747 quoque
496 1681 535 1730 est.
571 1683 667 1747 Absque
678 1684 818 1747 expiatione
831 1692 931 1748 peccata
949 1697 1000 1731 ma-

87 1754 146 1794 nent
157 1746 182 1795 δε
192 1748 341 1810 imputantur
353 1746 382 1796 ad
394 1746 624 1796 condemnationem
642 1762 648 1806 ;
668 1748 703 1797 lra
721 1746 768 1797 Dei
780 1746 868 1796 innon
886 1746 998 1810 expiator

86 1810 286 1860 animadvertitur.
333 1809 475 1875 Expiatione
491 1825 548 1861 vero
561 1810 618 1860 fade
631 1810 738 1867 tollitur,
756 1811 956 1873 convertiturque
970 1810 998 1859 in

86 1875 192 1934 gratiam.
216 1873 289 1939 Juxta
303 1873 368 1924 hunc
379 1875 478 1938 scopum
491 1874 661 1938 expiandifilii
672 1875 736 1934 lsrael
750 1873 799 1924 fine
816 1874 951 1924 discrimine
961 1874 996 1924 se·

85 1942 138 1992 xus,
149 1939 228 1994 aetatis,
240 1938 394 1994 conditionis
406 1939 521 1994 tribuum,
530 1947 597 1987 ortus
610 1937 648 1986 vel
659 1953 689 1987 ex
702 1937 784 1988 israele
793 1939 830 1988 uel
843 1952 874 1988 ex
885 1939 994 1988 ethnicis.

85 1998 138 2050 Lex
153 2003 217 2050 enim
229 2002 279 2053 haec
294 2001 410 2066 [patrabat
426 2016 525 2066 quoque
537 2002 649 2064 Proselytor
661 2018 683 2052 v.
697 2016 735 2061 29.
750 2003 792 2069 qui
806 2004 915 2053 abdicata
929 2002 992 2053 Reli-

85 2066 161 2127 gioue
176 2066 270 2116 ethnica
284 2065 435 2130 Religionem
451 2065 537 2115 lsraelis
554 2066 659 2130 amplexi
674 2067 698 2116 ἃ
719 2068 853 2130 italsmelita
868 2068 907 2117 vel
922 2068 991 2129 Judaz'

80 2131 196 2192 firtiisuut.
232 2130 346 2182 Ethnicus
360 2146 411 2179 uon
428 2129 530 2194 amplius
547 2130 656 2181 ethnicus
670 2131 816 2183 ethnicismo
833 2131 916 2183 relitto
931 2142 997 2190 erat,

85 2193 124 2242 sed
140 2196 203 2243 Filius
218 2198 285 2257 tfiael
321 2194 479 2246 includuntur
495 2194 535 2245 hic
548 2211 648 2261 quoque
660 2195 773 2248 Pontifex
790 2198 876 2260 &eius
891 2198 996 2254 domus,

84 2272 164 2315 uxor,
179 2258 232 2310 Filii
246 2262 270 2310 dc
280 2259 356 2316 Filiae,
375 2260 416 2326 qui
426 2258 493 2324 supra
507 2260 687 2325 distinguuntur
696 2277 716 2311 v.
732 2276 767 2322 17.
781 2276 817 2321 32.
838 2262 919 2314 Voces
930 2265 996 2312 enirn

84 2321 131 2382 jam
144 2323 236 2381 stride,
255 2327 301 2388 jam
317 2325 363 2375 late
377 2324 521 2389 accipiendae
538 2324 612 2383 lunt,
632 2327 811 2378 circumstantiis
825 2329 857 2379 ita
875 2327 995 2393 poscenti-

84 2387 135 2435 bus.
172 2390 219 2437 Filii
228 2389 250 2438 hi
263 2391 327 2451 lsrael
340 2389 488 2453 postulantur
503 2398 582 2440 tamen
592 2390 654 2442 reite
668 2394 815 2457 comparati,
833 2393 923 2443 atrimae
933 2392 992 2442 affli-

84 2461 168 2521 gentes
179 2453 203 2501 Ss
214 2461 264 2503 tota
277 2454 426 2518 Expiationis
435 2452 483 2504 Die
495 2454 619 2513 feriantes,
635 2465 662 2507 ut
674 2456 814 2507 intentiores
827 2456 900 2508 allent
913 2457 993 2521 resipi-

84 2515 188 2572 lc-entia,
208 2515 279 2574 fidei,
294 2518 318 2567 dc
329 2519 439 2582 precibus
455 2519 582 2576 testandis,
599 2520 633 2570 uti
649 2521 742 2572 constat
757 2532 809 2572 tum
821 2537 851 2580 ex
863 2532 944 2572 natura
958 2522 993 2570 rei

84 2585 135 2651 tum
150 2596 180 2629 ex
193 2581 259 2647 supra
274 2582 346 2632 ditiis.
386 2581 419 2633 Hi
434 2599 519 2634 omnes
534 2586 689 2649 expiabantur
701 2586 728 2634 ab
737 2588 832 2635 ariarathiae
839 2592 928 2648 pecuaris
937 2585 990 2646 fids,

83 2653 247 2711 cuiuscunque
257 2647 357 2713 speciei,
369 2647 565 2763 levioribusTnou
580 2648 657 2700 solum
671 2650 710 2702 sed
722 2651 747 2703 δε
758 2650 916 2717 gravioribus.
951 2649 992 2697 ln„

530 2722 570 2774 ts
929 2727 991 2782 gens
