2297 3134
375 137 628 213 LevitXVbra
921 147 970 203 tyn

65 278 152 344 Neque
163 274 212 325 hoe
226 276 279 321 nam
293 252 447 332 requiruntur
457 270 538 321 prrnna
568 252 674 310 Quaeras
686 242 791 290 ratione?
805 244 835 291 De
848 240 972 289 ardentibus

65 352 135 395 iterra
149 337 266 391 sopiendae
282 333 342 385 sunt.

131 444 152 499 ἓ.
168 450 220 499 174.
247 433 289 485 Ha
314 443 369 482 vero
388 435 469 489 prunae
495 414 574 479 ignitae
601 403 770 492 depromendae
793 403 971 490 'praecipiuntur

65 524 143 568 ozena
163 500 214 568 ban
227 512 252 558 ui
265 526 323 561 areae
340 502 376 551 vei
387 509 414 548 ut
424 493 514 545 Textui
534 485 644 551 originali
662 498 739 557 tnagis
756 478 893 545 satisfaciam
910 481 968 537 aser.

60 595 99 645 pcr
111 599 149 629 areu
159 616 168 638 „
180 578 231 627 hoc
245 574 292 628 esi,
313 571 326 619 a
340 560 455 629 superiori
466 565 533 621 parte
547 568 600 604 arae„
639 548 698 601 Haec
710 545 900 601 circumstantia,
917 557 971 608 quae

65 647 151 709 exigua
160 642 234 695 videri
245 635 331 703 posset,
346 627 422 694 probe
438 621 469 671 est
486 617 600 670 notanda.
642 614 746 680 Respicit
766 619 895 676 peccatum
908 608 970 659 tilio-

64 725 118 761 rum
131 705 258 758 Maronis,
272 695 401 763 quoderat
424 698 465 738 tm
493 687 748 747 unigrrisperegrinus,
780 692 801 726 v.
815 673 871 725 Lev.
893 673 925 726 X.
947 687 968 747 t.

64 773 138 824 Num.
150 770 187 821 nl.
199 782 221 828 4.
242 775 290 813 non
303 756 423 808 desumtus
438 752 465 802 ab
475 767 515 801 ara
530 788 537 807 ,
554 747 660 812 adeoque
669 743 726 796 Deo
738 740 869 817 nonnsacer.
904 739 971 813 ignis

64 835 211 887 continents,
235 834 260 876 ut
273 835 327 874 tuni
342 819 395 870 filiis
412 817 527 869 tibaronis
550 815 612 863 beno
628 810 766 876 placuerat,
792 820 868 870 nsque
883 805 969 855 obrius

64 909 124 955 erat,
139 898 197 946 adeo
217 900 312 942 utnon
334 883 425 936 necesse
447 881 571 933 habuerint
591 892 653 928 atam
669 872 837 927 conscendere.
889 870 969 947 Atque

62 965 101 1012 lex
116 962 191 1009 divina
208 951 314 1018 expresse
326 950 421 1001 niaridat
432 952 445 996 i
455 960 517 1011 pura
526 946 689 1007 [repertorium.
725 938 789 989 Nan}
802 953 831 988 ex
842 951 894 1002 quo
908 949 970 1001 ignis

62 1023 146 1075 bfacie
158 1020 256 1082 Jehovae
268 1019 294 1068 in
307 1032 369 1068 aram
389 1007 608 1065 descenderatLev.
625 1006 666 1058 nt.
682 1019 720 1067 24.
740 1004 833 1070 semper
841 1003 970 1052 servandus
986 1022 988 1024 >

61 1086 192 1138 &alendus
204 1092 270 1141 erat,
291 1090 320 1133 ut
333 1080 393 1130 inissa
414 1077 507 1143 plenius
521 1075 635 1125 dicemus.
654 1068 712 1121 Len.
725 1068 766 1119 Vi.
783 1078 804 1119 6.
831 1072 888 1132 ipris
902 1074 970 1131 spiare

61 1150 175 1200 arretium
191 1167 232 1197 arn
243 1150 294 1204 illu,
309 1164 344 1195 nec
359 1150 501 1207 antiquaretur.
551 1138 621 1188 Sacra
632 1152 681 1187 non
699 1134 791 1200 egelida
806 1133 883 1184 titudo
900 1148 972 1183 com-¹

62 1216 130 1265 niuni
146 1214 181 1264 rei
195 1212 305 1278 profano.
357 1209 425 1261 Deus
437 1207 527 1256 zelotes
542 1203 633 1253 nuliam
648 1204 738 1266 patitur
753 1200 967 1250 commixtionem.

61 1278 121 1329 Haec
137 1279 235 1327 minime
252 1277 312 1327 levia
325 1273 432 1323 habenda
447 1271 515 1327 sunt,
530 1270 633 1318 proxime
649 1278 750 1331 propter
765 1265 923 1331 inysterium,
939 1271 969 1319 ut

61 1345 84 1392 in
99 1350 166 1407 parte
178 1342 274 1406 iiiystica
292 1338 474 1389 observabimus.
528 1330 660 1384 intercessio
678 1331 816 1381 mediatoris
831 1344 877 1396 pto
891 1328 968 1380 fideli-

62 1409 105 1458 bus
118 1406 206 1473 respuit
219 1420 290 1470 quam
305 1403 409 1452 mamma
422 1403 504 1466 ignem
518 1412 682 1449 communem

126 1516 147 1572 ς.
167 1525 221 1574 175.
240 1510 263 1560 U
284 1526 352 1561 inem
361 1508 505 1576 legislatoris
521 1507 607 1557 clarius
622 1506 726 1561 constet9
742 1505 864 1568 subjicitur
882 1519 888 1553 z
907 1508 920 1554 i
928 1511 969 1571 fu·

61 1584 88 1628 cie
100 1577 186 1640 Jrsroua.
224 1576 273 1626 strae
288 1575 436 1641 quandoque
451 1573 634 1623 exstruebantur
645 1572 669 1620 in
685 1570 801 1633 eaeetns3
818 1572 848 1623 At
860 1571 923 1633 ignis
936 1588 969 1623 ex

62 1642 99 1692 tasi
111 1658 149 1692 ara
161 1642 282 1705 reprobus.
312 1639 395 1690 Pruna
407 1637 501 1688 noinnsi
515 1637 624 1702 petendae
642 1647 711 1687 erasit
725 1638 748 1686 in
766 1636 885 1701 superiori
902 1647 969 1703 parte

61 1723 119 1762 arae,
136 1709 212 1769 tfirete
223 1709 312 1767 ereva,
361 1702 420 1754 Haec
434 1719 491 1752 vero
504 1718 540 1752 ara
556 1701 598 1752 fita
619 1712 664 1752 erat
678 1703 703 1751 in
719 1703 778 1753 atrio
790 1702 966 1763 Sacerdotem,

61 1771 261 1821 &commemiter
272 1770 359 1821 dicitnr
373 1789 413 1818 aaa
432 1770 549 1828 Holocauti
567 1782 590 1816 v,
609 1765 686 1817 Exod.
703 1766 757 1818 XL,
774 1781 813 1826 29.
847 1766 908 1819 Haec
921 1771 969 1820 cir-

61 1836 198 1885 cumstantia
211 1835 300 1891 docet,
319 1834 385 1899 quod
405 1833 497 1882 functio
509 1830 600 1882 suffitus
618 1848 700 1883 coram
718 1830 793 1890 Dec,
813 1834 883 1883 &eo
902 1832 967 1901 quast

60 1900 182 1966 aspiciente
194 1902 261 1962 juxta
273 1898 424 1950 voluntatem
437 1899 486 1960 ejus
499 1895 526 1945 sn
537 1895 635 1960 agenda.

124 2010 147 2065 §i
166 2009 219 2067 176,
237 2005 289 2071 Jana
304 2004 415 2056 Pontifex
430 2004 535 2069 praestitit
549 2014 697 2068 praeceptum
710 2002 756 2055 Dei
773 2002 803 2055 de
819 2006 875 2069 igne
888 2006 966 2055 altaris

60 2069 88 2121 ad
101 2068 243 2120 saisieridum
261 2070 394 2126 sumendo,
427 2070 465 2134 qui
484 2068 646 2118 Thurtbuium
660 2069 727 2119 suum
742 2071 825 2134 prunis
840 2072 922 2133 ignitis
935 2086 968 2121 ex

61 2150 89 2185 eo
102 2135 278 2202 adimpleverat.
329 2134 432 2185 Nullum
448 2134 537 2198 prostat
553 2134 695 2184 ritatidatum
711 2137 831 2185 variorum
851 2135 967 2189 socornm

60 2209 100 2250 aut
115 2200 214 2265 petendi
230 2216 260 2251 ex
274 2210 343 2252 certo
357 2201 434 2251 aitaris
450 2200 530 2250 latere.
573 2197 664 2249 Posteri
680 2201 779 2251 demum
790 2200 840 2252 haec
854 2202 968 2254 decreve-

60 2274 117 2314 runt
127 2267 224 2329 ntajoris
234 2265 327 2324 forsan,
341 2276 367 2316 nt
379 2263 434 2329 ipsis
447 2265 585 2321 uidebatur,
601 2265 691 2315 ordinis
705 2268 793 2331 gratia,
809 2283 913 2332 quorum
924 2267 968 2317 filii

60 2338 201 2393 potaverant
219 2329 364 2396 effingendis
378 2329 520 2382 ess'eesacris
534 2331 649 2388 rationes,
666 2347 720 2397 qna
736 2346 807 2388 vero,
827 2348 965 2400 quanquam

60 2392 89 2443 de
102 2395 159 2459 igne
171 2406 259 2460 agant,
275 2396 412 2462 perfrigida>
426 2396 485 2447 sunt.
537 2394 624 2460 Longe
642 2398 811 2462 prudentiores
829 2398 886 2448 mihi
903 2399 966 2449 vide-

60 2467 155 2516 rentur,
168 2460 183 2509 si
202 2460 338 2525 simpliciter
351 2461 519 2513 recensuissent
531 2461 660 2525 sapientum
678 2462 774 2519 statuta,
790 2463 864 2528 qnalia
884 2465 907 2513 in
921 2479 965 2528 po-

60 2524 141 2597 testate
161 2524 268 2577 Ecclesia
281 2538 364 2586 eram,
383 2543 454 2594 qnam
476 2526 544 2594 quod
561 2524 722 2578 molestisfime
742 2530 844 2579 rationes
863 2530 888 2578 in
901 2528 968 2592 Lege

61 2585 139 2664 divina
154 2590 359 2656 conquisiverint,
374 2595 400 2644 in
416 2608 463 2659 qua
478 2593 550 2644 nulia
567 2592 627 2643 sunt.
672 2595 747 2649 Dabo
758 2603 838 2646 tamen
848 2609 925 2657 ‚aqna
939 2596 966 2642 in

61 2652 228 2708 traditionibus
242 2656 361 2723 leguntur.

443 2770 445 2772 ,
488 2721 574 2780 ΒΜ,
877 2734 967 2785 n.177a
