2297 3134
167 257 222 325 364?
551 249 703 329 Mylltrinm
785 219 787 221 Ι

167 360 262 414 Clarius
277 361 369 414 constat
383 374 415 410 ea
425 355 501 410 Novo
518 355 581 410 Tell.
602 361 677 426 Apoo.
690 359 718 411 V.
733 360 847 417 atiena
864 380 930 413 aurea
943 363 1007 427 plena
1018 361 1078 423 fiaffi.

169 439 245 485 tuunr,
260 446 303 490 qua
313 429 366 488 sunt
379 433 400 469 at
413 424 531 487 πξοσευχαὶ,
544 428 584 469 τῶν
598 428 662 479 apiae
688 432 760 475 Preces
768 429 891 487 staretstart.
911 428 981 479 Cotti]
1000 429 1076 492 Aptae.

169 491 235 544 Vlll.
244 505 267 551 3.
278 508 300 554 4.
313 490 382 542 *Dein
393 489 452 541 Luc.
465 490 482 541 l.
496 506 530 538 ιο.
553 498 603 541 Tota
618 494 732 542 rnnltima'o
744 494 817 556 populi
836 506 907 557 preces
913 494 1018 556 fumiebat
1039 513 1076 542 ex-

166 570 205 608 ·tra
217 557 268 606 liora
277 558 364 619 suffitus.
381 554 444 621 Ergo
455 556 553 622 quando
572 554 661 607 suffitus
674 558 862 615 incendebatur,
877 573 960 622 preces
977 572 1077 631 quoque

169 623 337 673 fundebantur.
368 623 455 682 {vivale
474 622 526 671 haec
539 622 611 673 docet
630 638 711 687 preces
727 624 899 688 repraesentatas
920 622 985 673 inille
998 623 1076 674 lullrtu

169 687 278 744 incenso,
297 687 320 735 in
333 686 425 737 coelum
438 685 584 738 ascendente.
622 689 699 751 Quod
712 689 833 756 respicitur
844 689 892 738 liet.
905 699 938 751 X.
952 696 972 749 a.
1006 695 1077 738 Preces

168 767 208 802 tua
219 753 329 812 ascendunt
343 758 365 800 in
374 752 500 815 coulpeiiunr
512 758 552 800 Dei
562 751 652 804 suffitus
667 754 742 803 instat.
760 752 858 804 Constet
866 755 956 812 sperantio
966 769 996 802 ex
1008 769 1076 804 cotn-

167 818 330 882 perationibus
344 814 448 866 suffitum
462 819 524 866 inter
541 818 669 882 &preces
713 818 825 870 Aromata
844 817 996 868 minutillime
1016 834 1075 868 con-

166 881 230 938 tusa,
244 884 322 938 varia,
337 881 461 932 thuribulo
477 896 550 931 aureo
566 892 694 939 contenta,
711 886 768 947 igne
782 883 846 934 sacro
866 900 947 934 coram
963 883 1020 933 Deo
1040 885 1076 932 in-

167 946 255 1005 censa,
274 946 331 996 hinc
343 949 367 995 in
381 945 456 995 altum
474 944 532 996 elata
552 961 651 1012 precum
668 948 850 1011 pontificialium
864 947 965 1013 egregiae
982 948 1035 999 lunt
1047 946 1076 999 fi-

166 1027 244 1078 gurae,
262 1020 290 1061 ut
303 1011 399 1062 inferius
417 1010 515 1062 docebit
530 1015 678 1077 comparatio
689 1012 791 1077 plenior.
834 1014 957 1075 Quaeritur

231 1111 252 1171 ξ.
268 1117 322 1160 610.
340 1107 464 1174 Vigefittto
478 1111 566 1159 lertio:
585 1109 709 1171 Aufirffitus
723 1111 905 1160 extraordinarius
919 1117 941 1160 in
952 1111 1075 1170 fiatriiiffiruo

166 1176 278 1226 adumbret
289 1175 447 1235 iuteroffonenr
456 1174 529 1238 Carula·
535 1176 564 1223 nd
573 1176 747 1224 destrueremus
758 1176 853 1232 exaltati,
863 1178 887 1223 ale
894 1175 1074 1239 paulinanVili.

168 1255 205 1303 34.
227 1238 430 1305 1.Joh.II.1.2.
451 1238 523 1291 Helas.
542 1238 591 1289 Vll.
608 1254 645 1302 25.
683 1245 721 1290 Aa
731 1258 781 1289 omo
798 1242 956 1301 interceffioneru
971 1241 1043 1299 Ciuilis
1053 1246 1075 1289 iu

159 1312 218 1371 statu
233 1309 393 1362 exinanitionis,
412 1311 501 1353 rasaline
513 1311 535 1353 iu
547 1310 592 1368 fine
603 1313 663 1362 vine,
683 1307 709 1354 cie
728 1324 770 1368 aaa
796 1304 870 1356 Heln,
884 1305 913 1355 V.
928 1321 950 1364 7.
986 1305 1075 1356 Matth.

166 1369 264 1423 XXVI.
280 1377 316 1430 38.
330 1382 365 1433 39.
386 1368 443 1419 Luc.
459 1368 557 1421 XXllt.
576 1383 611 1432 34.
634 1370 689 1437 Joh.
703 1368 784 1423 Xull.
799 1371 809 1421 l
826 1369 895 1437 Retp.
920 1369 987 1422 Prius
1001 1385 1076 1435 nega-

166 1446 219 1494 tur,
237 1435 354 1501 posterius
366 1432 502 1487 affirmatur.
892 1450 893 1454 ¹

232 1531 254 1590 δ,
270 1540 325 1582 611.
341 1531 484 1595 Negationis
499 1534 602 1582 rationes
617 1532 676 1591 sunt,
711 1531 824 1583 Pontifex
841 1531 960 1583 suffituru's
972 1533 1074 1583 vestibus

167 1599 220 1649 uilis
235 1599 318 1662 pretii,
335 1597 436 1660 pedibus
452 1597 541 1653 nudus,
559 1599 626 1661 isque
638 1598 706 1651 llans,
720 1597 796 1646 hostia
808 1597 920 1661 piaculari
934 1612 978 1662 pro
994 1609 1075 1662 popu-

166 1664 193 1714 lo
205 1662 317 1713 nondum
335 1662 427 1716 oblata,
444 1659 558 1724 sauguine
572 1661 681 1711 nondum
699 1660 787 1726 sparse,
806 1663 873 1711 hirco
889 1664 945 1711 vivo
964 1663 1074 1712 nondum

165 1728 268 1779 libertati
283 1726 340 1775 dato
356 1726 441 1790 nequit
456 1728 592 1790 exprimere
610 1725 752 1777 Pontificem
768 1724 846 1790 jelom
858 1724 979 1776 Christum
996 1727 1074 1791 glemu

165 1801 328 1846 coronatum,
345 1789 467 1840 sedentem
486 1791 516 1840 ad
530 1791 639 1841 dextram
656 1790 714 1847 Dei,
733 1789 828 1855 Regem
841 1790 949 1843 Eccleliee
966 1793 1075 1843 &mun-v

164 1858 203 1916 di,
220 1858 308 1912 virtute
320 1855 438 1920 sanguinis
451 1855 484 1906 sui
497 1855 554 1913 fuir,
571 1857 691 1906 viventem
706 1858 730 1906 in
744 1865 867 1931 aeternum.

228 1954 249 2013 §.
267 1963 320 2006 612.
339 1953 370 2005 at
380 1951 558 2005 affirmationis:
578 1952 690 2004 Pontifex
698 1952 762 2019 Jesus
772 1953 877 2005 Christus
891 1954 915 2003 in
926 1953 1010 2003 diebus
1022 1970 1071 2004 car·

165 2022 201 2071 nis
215 2023 363 2076 exinanitus,
379 2025 515 2069 contemtus
532 2035 613 2084 preces
624 2019 727 2069 fundens
744 2036 774 2069 ex
784 2023 862 2070 eninm
878 2018 1007 2076 triliillrma
1023 2035 1072 2069 naa-

165 2088 232 2136 xime
247 2094 358 2148 tempore
373 2084 499 2134 emortuali
514 2099 559 2150 pro
573 2084 593 2134 se
603 2085 628 2134 &
641 2087 807 2148 peccatoribus
823 2095 902 2133 morte
916 2086 998 2133 vicaria
1010 2100 1071 2134 non-

166 2152 224 2200 dum
237 2148 325 2212 perlata
340 2148 469 2199 connnode
484 2148 605 2199 fillebatur
623 2151 651 2200 ab
666 2150 778 2200 Aharone
794 2150 857 2199 diuo
874 2147 951 2197 modo
972 2164 1071 2212 compa-

165 2224 225 2265 rato.
242 2230 262 2263 v.
273 2212 347 2263 Hebe.
359 2210 388 2262 V.
396 2224 418 2271 7.
436 2213 627 2266 martanam.
638 2222 675 2274 38.
687 2229 722 2275 39.
737 2213 845 2266 XXVll.
854 2219 892 2273 46.
910 2210 1071 2265 LchXlll.

167 2293 204 2341 34,
221 2286 257 2338 36.
277 2276 332 2344 Joh.
348 2274 428 2328 XVll.

231 2376 252 2434 ὃ,
264 2384 317 2435 613.
337 2375 396 2427 Duo
411 2389 466 2425 curn
487 2374 563 2439 specie
578 2383 744 2439 opponuntur.
792 2365 905 2424 Priorum:
922 2374 1018 2427 Suffitus
1035 2377 1072 2426 in-

163 2442 311 2495 cendebatur
325 2441 350 2489 in
361 2437 497 2490 lanttlfflmo
515 2455 597 2489 coram
611 2442 670 2489 l'acie
685 2439 732 2491 Dei
746 2438 798 2491 uelo
810 2451 912 2492 remoto.
948 2440 972 2492 E.
987 2441 1072 2493 sistitur

162 2508 270 2561 Cluilius
285 2507 309 2556 in
322 2504 387 2556 coelo
401 2505 550 2556 intercedens
565 2514 643 2555 morte
656 2505 718 2562 lata,
733 2504 789 2564 vel‚·
804 2516 830 2557 nt
840 2506 968 2570 Apostolus
982 2506 1070 2564 habet,

96 2610 99 2617 -
162 2575 218 2625 velo
234 2573 310 2622 carnis
325 2572 349 2620 in
362 2579 440 2620 ntorte
453 2569 532 2621 ablato
547 2568 622 2621 Hebr.
634 2568 673 2622 X.
690 2585 723 2632 19.
736 2584 773 2621 ao.
807 2574 941 2622 Sacamum:
958 2571 1071 2624 Aromata

163 2638 354 2689 incendebantur
367 2636 483 2696 juvenco,
497 2634 608 2686 lucrificio
622 2636 741 2699 piaculari,
756 2638 803 2700 jaan
817 2637 917 2687 tunneto
936 2635 991 2686 Lev.
1002 2636 1069 2687 avt.

163 2719 199 2752 η.
217 2717 251 2752 12.
268 2715 303 2760 13.
322 2699 386 2765 Ergo
400 2699 545 2757 intercelfio,
561 2715 613 2764 quae
626 2701 744 2764 pingitur,
766 2702 819 2765 post
836 2712 939 2751 mortem
954 2702 987 2752 ea
1001 2701 1070 2753 intel-

161 2768 262 2842 ligenda.
284 2767 352 2832 Rclp.
369 2763 527 2818 Difficultates
541 2765 581 2815 ltas
594 2760 706 2832 agnosco.
734 2767 838 2820 lllininac
851 2776 929 2818 tamen
944 2769 1006 2880 tantil
1017 2766 1071 2839 suist

527 2841 530 2846 '
969 2846 996 2882 ra
1008 2847 1068 2889 ons„
