2297 3134
92 264 147 325 335
391 247 488 309 sabella
502 249 698 330 Corrmarasioeis

95 365 201 421 nendos,
214 361 273 429 quin
287 361 364 429 plenae
375 360 476 413 libertati
486 370 534 414 erat
562 364 621 428 quin
631 363 734 428 gloriose
748 341 904 417 resurrexerat
914 366 938 418 in
949 371 1003 418 om:

94 433 196 484 dandus,
483 505 487 512 ι
563 431 588 479 ni
604 429 711 481 libertate
724 432 797 481 vitam
813 442 926 484 aeternam
944 433 1004 484 duca

128 560 186 613 Lea.
202 556 271 611 XVI.
287 568 325 609 21.
343 568 381 609 22.
564 504 665 610 tussgm.
679 558 718 610 lt.
733 573 769 621 25.
787 561 834 612 list.
844 560 873 611 ll.
886 574 924 622 24.
938 560 1003 612 Heb.

552 624 592 675 ll.
611 638 646 686 14.
670 623 741 677 Rom.
757 623 800 679 Vl.
813 643 836 685 9.
857 642 892 677 10.
910 626 971 691 Eph.
983 626 1001 677 Ι.

564 704 577 726 0
607 723 613 732 .

129 752 324 808 Conslituebatur
336 751 403 806 hunc
420 754 449 806 ad
464 753 536 806 sinent
564 690 734 821 ‘Ottrfgssnatur
746 764 817 808 attan
831 756 1003 821 Evangelislovel

95 832 136 881 inp
150 832 194 874 nita
208 826 245 873 oin
260 826 374 885 opportuni
384 826 486 884 eorporis.
564 819 660 900 Chorns
672 820 878 905 Evangelislarum,
894 825 1003 872 virorum

563 901 625 936 verae
642 897 756 949 Eonoargrqrc.

127 950 183 1003 Lev.
199 948 269 1001 XVI.
285 960 323 1002 21.
595 948 642 1014 Jes,
657 949 710 1001 Lll.
721 966 744 1012 7.
765 950 853 1002 1.Tim.
867 951 896 1002 ll.
910 958 931 1001 6.

128 1049 202 1113 Cujus
216 1055 266 1098 erat
280 1045 375 1106 hircum
383 1047 464 1099 vivum
479 1061 534 1112 pec·
596 1045 711 1109 Quorum
722 1050 753 1099 ell
764 1063 814 1100 uno
826 1051 867 1100 ore'
883 1050 907 1100 δι
921 1050 1002 1100 animo

96 1126 146 1168 cata
159 1113 252 1178 expiata
271 1114 361 1177 absque
377 1115 401 1164 vi
421 1122 534 1163 venenata
562 1114 690 1179 praedicate
718 1115 939 1165 reconciliationem
961 1131 1003 1179 per

96 1181 236 1232 efferentem
246 1177 374 1242 praesente,
390 1181 497 1228 intuente
510 1178 535 1227 &
563 1181 636 1229 vitam
645 1180 669 1228 ἃ
681 1191 783 1229 mortem
792 1178 876 1230 Christi
888 1195 916 1229 ac
925 1180 1003 1244 digito

95 1245 215 1313 gaudente
224 1242 320 1308 populo
337 1244 445 1294 educere.
563 1242 773 1359 qspfimonstm
790 1258 797 1306 ;
816 1242 903 1295 Hicest
916 1260 1002 1295 recorr-

563 1325 585 1360 cr
597 1320 653 1359 ratio
666 1325 698 1359 no
721 1325 751 1360 ra.

126 1373 185 1430 [εν.
198 1369 269 1425 XVI.
282 1385 321 1425 22.
596 1387 618 1425 2.
628 1373 717 1426 Cor.V.
729 1390 764 1434 19.
779 1387 816 1425 ao.
829 1372 938 1440 1.Joh.ll.
950 1388 968 1423 1.
979 1386 1001 1425 2.

127 1473 226 1525 Peccata
248 1472 342 1535 expiata
359 1470 494 1524 serebantur
509 1472 534 1523 in
597 1471 750 1538 Evangelinm
768 1472 819 1524 laete
838 1472 934 1523 nuntiat
949 1470 1003 1522 nul-

96 1539 231 1593 desertum,
245 1546 333 1586 terram
345 1537 450 1587 excisam.
562 1538 611 1588 lam
632 1540 687 1588 ideo
707 1537 807 1602 amplius
827 1538 872 1588 esse
888 1547 1003 1602 peccato-

563 1619 618 1652 rum
641 1603 855 1660 recordationem,
879 1602 1002 1666 profunde

563 1666 714 1732 essesepnlta.

129 1730 184 1784 Lev.
200 1728 270 1784 XVI.
287 1742 326 1783 aa.
596 1730 642 1797 Jer.
659 1728 757 1783 XXXI.
774 1744 810 1793 34.
852 1728 927 1781 Micia.
941 1729 1000 1782 Vll.

564 1811 600 1855 19·
615 1795 687 1847 Hebr.
702 1795 735 1847 Χ.
751 1809 786 1856 17.

126 1893 212 1947 Hirens
225 1908 284 1947 vero
298 1892 359 1943 liber
368 1893 437 1959 gregi
451 1894 475 1944 in
492 1892 533 1945 de·
595 1892 728 1945 Excitatnm
750 1908 806 1944 vero
829 1891 909 1957 Jesum
931 1892 1001 1944 Chri-

93 1960 153 2013 serto
165 1960 337 2013 restituebatur.
560 1959 622 2009 stom
641 1976 697 2010 cum
720 1958 827 2009 fidelibus
846 1961 870 2008 in
892 1962 957 2009 coelo
976 1961 1000 2008 ἃ

560 2033 621 2075 terra
635 2023 698 2089 qrrasr
711 2026 734 2074 in
746 2025 837 2074 deserto
847 2024 905 2073 loco
917 2024 1001 2073 occul·

560 2099 587 2140 to
598 2092 621 2138 in
633 2090 700 2140 omni
711 2092 788 2139 vivere
800 2089 913 2138 libertate.

593 2153 679 2205 Matth.
694 2153 821 2205 XXVlll.
839 2167 875 2205 20.
898 2151 999 2204 XVlll.

560 2233 598 2271 20.
614 2218 702 2270 Coloss.
716 2219 756 2268 ill.
769 2233 791 2279 4.

126 2317 185 2370 Dura
197 2317 236 2368 liic
246 2315 347 2382 negotio
357 2315 397 2367 sibi
408 2316 532 2368 cornmisso
593 2315 717 2366 Praecones
737 2313 856 2378 Evangelii
877 2313 999 2377 praeconio
1078 2336 1080 2339 ·

93 2383 162 2434 sinito
176 2384 198 2432 &
211 2383 305 2433 lotione
317 2383 407 2447 peralta
419 2382 447 2431 ad
461 2383 531 2432 callia
561 2396 591 2429 err
601 2381 724 2430 voluntate
737 2379 781 2430 Dei
793 2379 829 2429 sed
842 2395 891 2428 raon
906 2377 953 2428 fine
964 2382 999 2428 in-

92 2449 130 2500 vel
143 2447 336 2513 Hierosolymam
349 2450 514 2499 revertebatur.
560 2445 712 2495 firmitate&
735 2445 868 2509 pollutione
887 2443 997 2493 absoluto

560 2520 669 2574 quaerunt
679 2510 859 2561 arriserscordiam
870 2512 894 2559 in
904 2509 997 2574 sangari·

559 2591 591 2625 ne
603 2573 656 2640 Jesn
671 2574 755 2626 Christi
768 2577 954 2640 accipiuntque,
973 2574 997 2622 alc

559 2641 591 2689 ita
612 2643 710 2703 gennirri
727 2643 829 2694 evadunt
850 2642 912 2691 cives
933 2641 996 2690 nebia

561 2703 788 2771 Hierosolymitarrae.

592 2770 682 2820 asim.
703 2771 746 2824 lV.
763 2780 778 2819 6
784 2805 793 2814 -
806 2788 825 2832 9.
846 2771 861 2823 l.
872 2785 892 2821 2.
919 2770 994 2834 llpoc.

559 2833 619 2886 tlt.
636 2851 670 2899 14.
903 2835 924 2894 ἕ.
941 2842 994 2898 650.
