2297 3134
240 221 296 284 275
322 221 324 223 ’
576 206 659 265 Levia
672 207 763 268 XVI.
777 220 821 272 26.
837 229 881 284 27.

323 318 345 377 s,
368 329 421 378 397.
442 314 599 368 Porismatae
616 317 681 367 versu
699 324 737 368 26.

241 395 260 450 l.
276 402 346 452 Etiam
358 393 428 447 bimis
441 393 553 462 emissarius
569 400 703 459 imputatione
718 398 793 445 diuino
805 395 895 462 gejrrlar
912 409 995 460 peccatu
1010 398 1045 446 ves
1058 402 1138 462 impuri

274 476 327 512 tates
339 464 412 526 populi
425 462 493 521 lsrael
531 459 594 510 Tum
607 459 706 511 demum
724 461 800 512 ablata
818 464 977 520 habebantur,
994 464 1092 527 quando
1109 464 1145 513 ill·

274 528 375 579 libertati
388 526 509 598 restitutus
525 535 580 576 erat.
602 526 664 577 lllias
679 528 728 587 dux
741 526 807 577 nulla
824 527 960 591 indiguisset
974 529 1103 578 ablutione.

241 625 277 681 ll.
295 632 374 690 Magna
389 618 449 681 stiur,
462 629 536 673 ueneni
551 628 631 688 instar,
651 632 683 675 vis
697 625 799 691 inficiendi
808 630 895 688 peccatis
909 629 961 687 inest.
1011 624 1085 676 Etiam
1100 627 1147 685 illi,

273 694 313 756 qui
327 687 547 740 officiumtellaturi
561 695 672 757 occupati
679 691 731 741 snnt
742 693 805 743 cirta
818 690 973 739 renrislionenr
985 703 1139 756 peccatorum

291 755 431 811 olluuntur‚
449 770 476 804 ac
491 755 649 806 misericordia
666 756 710 806 Del
724 759 747 805 in
763 755 857 810 Clirillo
870 771 897 804 ac
911 759 1052 820 purgatione
1068 757 1136 822 srngu

272 772 349 871 saner
360 835 423 885 opus
438 819 527 871 habent
546 820 636 871 1.Tim.
649 822 666 870 l.
679 834 698 871 2.
717 821 744 871 ll.
758 835 781 871 2.
801 821 847 871 Tit.
862 818 878 869 l.
888 833 911 882 4.
930 819 983 887 Joh.
995 820 1062 872 Xlll.
1076 837 1112 872 ro.

240 916 288 973 lll.
299 922 365 970 ¹Latio
378 921 464 983 vessima
479 936 503 968 oc
514 924 582 968 caruis
593 918 694 968 commode
703 919 755 982 fistir
765 924 974 981 inquinamentorum
985 920 1042 978 officii
1053 933 1098 968 tum
1109 939 1148 968 na-

183 997 191 1009 *
272 998 330 1034 tura.
351 984 450 1041 Vester,
467 1000 520 1050 quae
533 983 640 1049 separatae
657 982 786 1049 bcorpore
799 985 920 1040 humano,
937 982 1008 1033 officii
1021 986 1147 1049 praestandi

272 1051 346 1113 gratia
358 1049 499 1099 induuntur.
537 1048 609 1100 Recte
626 1051 699 1114 igitur
715 1060 864 1115 praeceptum
887 1049 955 1100 datur
975 1050 1004 1100 de
1022 1050 1147 1101 abluendis

271 1115 372 1166 vallibus
387 1130 415 1165 ac
428 1129 539 1180 corpore.

237 1210 291 1330 IVC.
307 1213 449 1328 Castrplrelle
468 1211 614 1275 repraesentant
635 1210 737 1272 Eccsefianr
756 1215 799 1260 Dei
809 1247 817 1269 ,
843 1183 961 1277 speciatim
979 1211 1128 1263 militantem.

292 1287 337 1329 ant.
388 1312 394 1327 .
406 1292 429 1337 9.

237 1374 268 1429 V.
290 1381 327 1429 Uri
342 1376 392 1425 usim
412 1377 477 1439 rostra
490 1375 569 1435 Israelis
584 1375 660 1425 munda
673 1375 848 1440 ptfinlzsniutnr,
862 1373 892 1433 fic
905 1392 960 1423 nnnc
975 1374 1055 1435 Ecrsafin
1063 1375 1144 1435 sanda

269 1440 414 1495 Christianus
424 1442 528 1493 latetur:
549 1443 614 1491 Credo
625 1442 726 1502 Ecclesiam
736 1442 838 1502 stradam.
855 1438 969 1490 Constare
982 1441 1061 1505 itaque
1073 1439 1135 1490 debe

269 1507 388 1580 membris·
399 1505 551 1557 sandilicatis.
576 1506 671 1570 [mpura
684 1505 769 1570 procul
785 1503 835 1554 sint.

304 1607 326 1665 §-
343 1610 393 1661 398.
402 1601 547 1654 Mandatum
558 1603 697 1667 vigesimum
709 1611 774 1653 extat
784 1617 806 1651 v.
814 1613 852 1660 27.
873 1611 917 1651 mn
939 1607 1031 1653 bubum
1051 1610 1081 1652 ab
1100 1613 1145 1653 nm

236 1696 296 1747 prm
319 1682 355 1737 bn
373 1694 431 1738 run
459 1693 529 1744 ura:
558 1669 621 1735 abab
646 1693 713 1735 :am
740 1694 777 1735 nn
800 1692 860 1735 nara
888 1694 944 1734 nure
972 1695 1062 1737 nnana
1086 1696 1146 1739 auu

235 1763 321 1814 num
340 1771 384 1812 nm
403 1768 492 1810 mnu:
515 1768 559 1809 rm
580 1766 662 1821 raray
685 1765 721 1807 nte
746 1763 803 1805 una
825 1762 893 1806 amur
920 1744 1003 1808 moab
1026 1763 1145 1819 Juvenum

233 1828 411 1892 utrofirrrifieium
422 1827 478 1873 illius
486 1837 528 1887 pro
536 1835 626 1885 peccato,
634 1820 663 1878 ⁰&
673 1820 752 1871 birrum
763 1838 843 1885 quoque
852 1821 975 1887 sacrificium
984 1824 1038 1870 illius
1046 1836 1087 1884 pro
1096 1838 1144 1886 pec-

233 1908 292 1949 cato,
305 1907 393 1955 quornm
401 1891 488 1954 sanguis
498 1889 569 1936 illotus
593 1892 625 1933 nir
639 1888 668 1933 ad
677 1887 801 1948 expiandum
812 1893 834 1934 iu
842 1887 929 1945 farisio,
949 1888 1020 1934 eduma
1036 1901 1096 1935 extra
1109 1908 1145 1936 ca-

226 1962 273 2022 stra
287 1957 316 2015 &¹
331 1956 452 2006 candorem
465 1960 512 2017 igne
526 1953 584 2015 pedes
601 1969 672 1999 aurion
693 1952 722 2009 &5
737 1968 821 1999 caruem
835 1968 906 1999 coturni
922 1969 945 1999 aa
960 1955 1034 2015 fimum
1051 1970 1142 2008 eorunm

233 2023 290 2088 Agit
302 2022 331 2072 de
348 2018 478 2071 novissimis
493 2017 653 2074 bilallicorum
665 2015 818 2072 solennium,
839 2015 897 2073 sed,
921 2016 987 2081 quod
1004 2017 1078 2081 probe
1097 2033 1143 2067 no-

233 2088 350 2143 tandum,
370 2101 420 2135 non
435 2084 466 2134 de
480 2083 548 2134 hirco
563 2081 704 2146 posteriori,
722 2089 810 2144 utpote
824 2081 865 2144 qui
887 2081 953 2130 vivus
970 2080 1140 2132 dimittebatur.

231 2151 281 2203 Ubi
297 2150 401 2202 distincte
414 2158 527 2200 nutamus
543 2184 550 2206 ,
568 2161 676 2212 quaenam
693 2145 797 2197 hilastica
809 2145 905 2202 suerint,
917 2144 1004 2196 borum
1015 2144 1070 2195 dein
1083 2147 1143 2199 edu-

233 2217 336 2268 &ionem
350 2216 373 2266 dc
388 2212 589 2265 combustionem.

298 2313 318 2374 ς,
334 2327 384 2376 399.
405 2310 537 2365 Hilaslicas,
556 2324 659 2373 quornm
675 2309 724 2368 iura
741 2306 822 2371 postea
835 2306 1017 2371 praecipiuntur,
1034 2308 1141 2360 distinde

233 2387 354 2432 notantur.
406 2375 488 2427 Primo
497 2377 600 2434 juvencus
612 2375 707 2436 fircrfflcii
722 2375 778 2420 illius
787 2385 829 2434 pro
843 2384 946 2435 peccota,
972 2374 1004 2421 de
1019 2379 1068 2439 quo
1081 2389 1102 2423 v.
1119 2388 1138 2432 3.

232 2445 288 2496 dein
304 2443 371 2492 birrus
378 2442 475 2504 scropscii
488 2441 545 2488 illius
556 2450 690 2505 properante
704 2437 733 2485 de
744 2452 795 2500 quo
813 2451 869 2485 vero
885 2452 905 2485 v.
917 2453 939 2494 9.
957 2436 1039 2488 Tertio
1051 2456 1142 2501 quornm

226 2513 312 2579 sanguis
323 2508 393 2556 illatus
401 2506 449 2571 fuit
462 2507 491 2553 ad
504 2504 629 2565 expiandum
647 2507 669 2549 in
681 2502 759 2562 florido
802 2498 941 2551 Distinclior
951 2501 1037 2553 horum
1053 2504 1141 2553 hilarii-

231 2589 316 2626 corum
332 2571 495 2637 requirebatur
511 2568 657 2633 descriptio,
680 2567 794 2630 qnoniam
815 2566 865 2628 jura
883 2566 971 2617 horum
997 2567 1038 2617 alia
1055 2567 1109 2618 sunt
1127 2567 1140 2619 a

230 2639 401 2691 communibus
415 2633 537 2689 bilasticim
555 2650 600 2683 ceu
616 2647 668 2698 quae
679 2632 842 2681 communiter
855 2642 921 2681 extra
936 2631 1006 2682 castra
1020 2632 1082 2683 baud
1098 2648 1141 2683 err-

230 2714 323 2771 portata
337 2711 409 2756 erant⁰
447 2697 501 2750 Pars
517 2714 615 2765 quoque
629 2698 715 2750 borum
727 2694 823 2747 cesserat
839 2697 863 2746 in
876 2697 956 2748 cibum
973 2696 1136 2829 Sacerdotpm

1097 2779 1139 2814 ura
