2297 3134
87 219 88 222 Ἴ
136 154 187 217 178
464 144 548 204 Leuit.
563 143 653 205 XVI.
669 165 710 209 ra.

135 268 196 304 rum.
230 251 367 307 Praesentem
378 262 460 308 tamen
471 253 621 307 tentionem:
647 259 751 308 Aromata
760 258 905 324 fragrantia,
922 256 989 325 stobi
1003 258 1049 318 titt

134 317 389 386 tbottbowtffitotototm

201 420 224 481 ς.
243 429 294 479 138.
313 418 420 482 Quando
432 408 491 471 tero
503 419 592 487 species
603 429 736 474 aromatum
751 459 758 479 ,
776 437 831 490 quoe
846 425 974 491 praestantis
986 424 1047 476 odo-

136 488 255 554 ris'gratia
267 486 361 537 incendi
374 484 471 545 solent,
489 486 569 551 piures
581 486 647 545 sunt,
661 489 787 554 quaeritur,
802 504 831 539 au
847 501 917 541 certae
929 490 1048 542 sumendae

137 553 243 609 fuerint,
255 551 292 603 rei
303 566 332 601 an
348 549 447 600 seiettus
464 567 537 616 penes
546 551 672 604 Pontifices
685 553 756 603 fuerit
773 553 835 604 iiber
849 554 859 605 i
875 554 943 621 Resp.
972 555 1048 606 Certae

137 628 204 673 eraut
213 616 336 669 sumendae.
370 614 429 687 tiliae
444 626 524 668 tamen
538 620 657 684 prioribus
668 633 712 681 pro
725 619 804 670 lubitu
817 619 924 670 Ecciefiae
939 619 1048 685 superad-

135 689 161 737 di
173 695 289 752 poterant.
323 679 413 748 Judrco
430 687 495 732 enim
513 683 617 734 eundem
633 683 737 734 suffitum
754 684 923 749 quotidianum
940 700 990 735 non
1007 684 1048 735 aii-

136 767 178 803 um
192 746 235 799 eise
248 747 277 798 ab
290 744 351 805 hoc,
369 747 413 812 qui
422 747 448 797 iu
462 746 626 800 santiiffimum
643 748 794 801 inferebatur.
830 750 946 815 Alioquin
958 748 1047 815 species

135 817 185 867 aliae
201 810 408 878 diserteexprefl‘ae
422 811 523 865 fuiii'ent.
572 813 605 865 m
617 813 667 876 ejus
681 813 768 880 species
785 817 871 881 partim
888 824 954 866 erant
970 814 1047 866 deter-

134 883 243 935 minatae,
262 880 347 944 partim
359 878 454 937 liberae,
471 876 530 931 ficut
546 878 638 930 constat
653 894 684 929 ex
702 877 779 931 Exod.
793 878 881 933 XXX.
895 893 931 942 34.
948 893 984 940 35.
1020 886 1047 928 tt

134 950 191 997 attuit
208 949 310 993 Dominus
324 945 353 992 ad
366 944 441 1005 Mosen
458 959 464 993 :
493 949 568 1008 Accipe
588 945 627 993 titi
640 952 717 995 :aruo
730 959 827 995 aromata
839 948 868 994 ati
881 946 1044 1002 intendendum,

134 1011 208 1071 (scil.
228 1010 350 1073 >astatium
368 1007 398 1068 &i
413 1006 509 1072 omnium
532 1008 562 1069 ἓξ
577 1010 706 1075 galbanum,
729 1016 828 1060 aromata
840 1048 848 1069 ,
861 1015 978 1076 praeprimis
999 1008 1046 1059 titur

129 1093 216 1144 pnrnm,

198 1179 291 1237 §2182
316 1170 352 1223 En
372 1170 536 1223 determinatis
555 1171 677 1238 speciebus
693 1176 767 1237 primo
790 1171 824 1223 est
845 1178 891 1240 qut
913 1174 1046 1239 generatim

128 1253 205 1309 grotta,
224 1254 276 1306 quoe
289 1253 320 1288 ex
332 1236 418 1288 arbore
428 1235 503 1288 stillat.
538 1228 584 1288 Sed
600 1253 630 1289 ex
645 1237 715 1304 qua?
732 1236 756 1288 Si
766 1236 934 1289 Schindierum
952 1240 976 1289 ὃς
988 1240 1045 1290 alios

132 1308 267 1374 sequimur,
281 1322 306 1352 aaa
325 1300 429 1363 torprrbo,
448 1300 485 1352 sed
501 1304 567 1366 juxta
582 1300 677 1367 Judaeos
690 1318 721 1353 ex
741 1303 875 1367 opobalsamo.
927 1302 980 1355 Hos
1000 1303 1045 1353 illis

132 1372 286 1440 praeferrem,
305 1369 358 1434 quia
375 1366 465 1417 hebraei
484 1371 609 1433 proprium
635 1368 722 1429 optrito
741 1383 833 1418 onumen
852 1367 960 1426 habent‚
978 1368 1045 1434 quod

132 1442 180 1504 jam
194 1436 267 1487 exstat
277 1435 325 1485 hoo
340 1432 391 1496 ipso
404 1437 482 1497 cupite
499 1431 575 1483 Enod.
591 1431 678 1484 XXX.
694 1446 731 1491 23.
779 1431 844 1483 Dein
864 1433 1045 1497 opobalsamum

132 1507 196 1555 iuter
208 1509 313 1552 aromata
329 1496 450 1548 odorifera
466 1498 563 1555 eminet,
571 1498 792 1563 reperiundumque
807 1500 830 1548 in
838 1497 919 1563 Judaea
931 1508 985 1549 erat.
1004 1501 1046 1547 Ai-

132 1582 178 1620 tara
190 1556 277 1619 nisum,
291 1561 372 1615 LXX.
387 1560 433 1619 ἕνυξ
449 1581 516 1624 onon,
533 1563 686 1629 quasplures
702 1563 740 1612 aiii
757 1564 944 1627 antiquiores&
961 1579 1044 1615 recen«

133 1636 208 1686 tiores
221 1630 360 1695 sequuntur,
380 1627 530 1695 habeturque
545 1629 594 1693 peti
607 1643 637 1678 ex
653 1627 797 1693 conchylio,
812 1628 878 1692 quud
890 1643 1001 1694 purpurae
1016 1627 1045 1678 fi-

132 1710 196 1762 mile.
235 1712 304 1756 Tertio
318 1690 401 1757 uttbtt
420 1706 552 1775 galianmm
572 1707 647 1770 gravis
666 1705 763 1762 odoris,
782 1707 824 1771 qui
839 1707 924 1756 nidore
942 1705 985 1756 suo
1001 1705 1044 1755 eti-

132 1792 170 1828 am
188 1774 306 1840 serpentes
319 1770 403 1836 fugare
418 1772 512 1821 dicitur.
548 1769 645 1835 Pinguis
657 1781 745 1821 naturae
760 1773 868 1829 uidetur,
883 1781 910 1821 ut
924 1774 994 1835 origo
1007 1772 1042 1820 in-

134 1852 203 1903 dicat.
237 1847 336 1913 Pinguia
348 1848 443 1899 incensa
456 1849 518 1898 rnoie
537 1847 610 1897 olent.
645 1851 728 1910 Quarta
742 1846 832 1912 species
847 1859 890 1899 unt
908 1842 979 1899 ‚abab
997 1845 1044 1895 tbns

130 1933 216 1984 potrum,
228 1914 296 1981 quod
309 1915 445 1979 opponitur
459 1915 573 1979 impuro,
590 1911 672 1962 viliori.
709 1911 788 1974 Hujus
804 1915 916 1964 nroutatis
931 1911 1043 1977 frequens

130 1987 155 2034 in
169 1981 236 2033 sacris
254 1978 393 2045 Judaeorum
413 1978 481 2036 usus,
501 1978 567 2045 quod
578 1993 611 2027 ex
623 1977 669 2028 sola
682 1978 783 2036 brabia,
806 1994 851 2028 nee
866 1994 896 2028 en
909 1987 975 2033 tota,
997 1975 1043 2026 Pii-

131 2050 174 2099 nio
193 2054 304 2101 notante,
323 2042 475 2094 afferrisoiet.
510 2049 591 2109 Quinta
603 2042 615 2092 a
628 2043 771 2107 quibusdam
781 2043 816 2103 fai
828 2043 921 2094 dieitur.
967 2041 995 2091 te
1007 2057 1043 2091 re-

131 2113 174 2164 ete,
208 2109 255 2159 Vei
269 2107 328 2173 quid
343 2107 386 2156 fibi
399 2108 452 2158 uuit
470 2104 542 2160 tiumt
561 2107 637 2158 Euod.
653 2107 751 2159 XXX
764 2108 819 2166 at?
844 2108 895 2168 Qui
917 2106 1042 2156 notionem

132 2183 224 2229 ornatam
240 2174 295 2223 voci
308 2172 445 2223 adscribunt
459 2187 532 2228 ,veum
549 2189 579 2223 en
591 2172 672 2237 lingua
687 2171 805 2222 Hebraico
818 2169 949 2237 nunquam
957 2171 1042 2236 probe-

133 2243 202 2296 bunt.
236 2237 302 2290 Dein
320 2237 467 2287 commixtio
484 2247 616 2288 aromatum
635 2239 681 2300 jam
705 2247 755 2286 erat
770 2247 887 2301 praecepta
909 2237 1043 2286 verboim-

133 2307 236 2357 mediate
252 2302 410 2354 antecedente
426 2306 494 2363 operis
509 2302 639 2364 apothecarii.
682 2300 761 2351 Notio
777 2316 834 2352 vero
845 2303 948 2363 salitiom's
965 2300 1057 2358 certis-¹⁴

132 2370 189 2421 fima
201 2370 233 2422 est
243 2369 267 2419 &
279 2368 397 2419 constans.
430 2364 537 2431 :insuper
552 2366 615 2417 dona
629 2364 677 2417 Dei
693 2365 738 2415 iaie
756 2365 879 2432 conspersa
894 2365 1043 2432 postulantur

132 2435 190 2488 Len
205 2434 233 2485 ii.
247 2449 282 2484 11.
308 2430 463 2485 Confirmant
477 2430 526 2482 hoc
540 2431 614 2495 ipsum
634 2427 774 2495 judaeorum
788 2430 956 2491 Traditiones‚
976 2430 1042 2482 ficuti

131 2501 229 2555 inferius
241 2499 339 2553 dicetur⁹

171 2594 172 2597 ’
198 2597 221 2657 ς,
240 2610 291 2655 190.
315 2595 377 2647 Aiias
400 2603 534 2645 aromatum
554 2593 730 2645 odoriferorum
752 2593 840 2659 speeies
860 2594 944 2646 liberas
960 2595 1041 2657 conje-

132 2663 217 2716 tiaudo
228 2660 336 2728 affequor
345 2676 377 2712 en
386 2658 452 2726 Lege
467 2660 593 2727 principaii
606 2658 680 2710 tauri,
689 2658 780 2713 XXX,
796 2676 832 2725 34.
848 2662 905 2724 ficana
916 2660 958 2712 tibi
972 2670 1040 2711 uiuus

939 2736 1039 2791 graiium,
