2297 3134
112 186 169 250 406
475 169 676 230 Auditaaemaa

113 299 187 336 mare
234 280 369 334 Affirmanti
379 281 529 332 incumberet
540 283 650 347 probatio
661 297 712 333 non
724 281 790 334 aliter
803 279 849 333 lide
859 282 939 350 digna,
949 298 1022 350 quam

114 348 230 399 omnibus
244 348 338 414 legibus
348 348 432 413 typicis
449 348 588 397 exarninatie
602 349 624 398 da
637 350 660 398 in
680 348 727 398 hoc
739 347 823 398 ordine
835 351 944 400 inuentis.
978 350 1021 400 An.

115 425 261 479 gumentum
275 430 324 464 non
341 413 406 462 ualet
430 413 535 470 Ejusmodi
548 413 599 462 ordo
614 416 693 463 deceret
705 427 762 481 typm
774 412 804 470 sd
817 419 908 476 mysteria
920 432 990 463 eornm
999 420 1021 462 in

115 479 356 542 elariorifisleretlnee.¹
400 475 463 527 Num
478 478 546 528 datur
569 477 640 542 tle-ega
662 476 760 544 rglreerr
776 479 879 528 insectis
895 481 939 529 vid.
956 478 1020 544 Glass

117 559 187 603 1253.
209 558 272 602 2132
283 575 290 584 -
303 558 373 601 2159·
409 542 520 593 Attamen
533 543 674 610 sapientibus
684 560 714 594 ex
723 545 860 595 rationibus,
887 543 950 594 Tum
963 560 1021 595 vero

115 609 238 661 nlarillime
251 608 312 659 ordo
326 609 465 658 narrationis
474 625 533 659 vnon
544 610 621 675 potest
636 609 760 667 obseruari,
776 609 874 673 quando
887 625 942 660 cum
961 625 1020 660 con-

115 685 192 731 textu,
207 676 240 723 rei
255 687 338 723 natura
348 674 372 723 dc
391 673 504 739 mysterio
520 674 645 726 constitere
659 677 748 742 nequit.
785 677 818 725 lta
833 690 868 725 res
884 682 1021 739 comparata

114 756 171 792 eum
184 738 301 790 Themate
316 739 469 800 Quaestionis.
504 740 586 791 Moles
598 740 703 791 distinete
718 751 835 791 memorat
846 742 869 789 in
883 741 958 806 prima
973 739 1021 791 lee-

114 822 144 855 na
157 813 261 855 mortem
274 807 360 869 prioris
375 804 441 854 hirci.
477 804 535 855 Non
548 817 664 857 memorat
680 808 704 855 in
717 805 784 857 leena
795 805 895 857 secunda
909 806 931 855 dr
945 807 1018 855 tertia.

112 868 178 934 Ergo
192 885 242 919 non
256 869 312 920 licet
325 879 429 919 mortem
441 870 528 918 referre
541 871 570 920 ad
583 870 675 920 scenam
688 870 826 928 secundam,
840 872 938 920 tertiam.
975 869 1020 920 Ca-

113 936 192 993 daver,
204 935 271 1000 quod
283 943 431 1000 exportatur,
444 944 661 1001 concrematurque
680 972 685 990 ,
702 936 748 997 jam
762 938 807 985 vita
822 947 847 987 ut
860 935 956 991 dietum,
973 936 1020 999 pri-

113 1010 201 1051 vatum.
235 998 324 1050 Hircus
342 999 401 1049 alter
421 996 507 1049 fistitur
524 998 646 1050 clarillime
660 1001 743 1057 vivut,
758 1000 893 1061 justificatus
911 999 1019 1050 &liber-

111 1067 153 1116 tati
165 1066 232 1181 άαηέε
249 1064 273 1181 [d
290 1081 341 1115 non
353 1063 433 1131 potest
443 1064 606 1131 repraesentate
617 1064 738 1117 Christum
748 1066 772 1115 in
781 1065 898 1128 judicium
912 1065 940 1116 ad
954 1079 1019 1116 mor·

110 1141 161 1182 tem
173 1141 207 1182 tra
226 1147 255 1180 en
275 1146 323 1180 um.
987 1155 988 1158 =

178 1240 199 1299 ἕ,
215 1239 270 1291 XV
280 1239 330 1291 lll.
353 1244 442 1289 Tertia:
459 1246 529 1302 stricta
541 1247 615 1305 Legem
630 1239 688 1291 Lev.
702 1238 771 1291 XVl.
787 1253 825 1291 21.
839 1254 876 1302 25.
888 1253 925 1301 27.
944 1248 1020 1291 Pecca-

109 1311 214 1355 tantuma
228 1306 390 1367 aaiverfieetas
408 1306 487 1367 Israelis
497 1321 537 1369 per
554 1306 692 1368 consessionem
703 1308 781 1366 snnrrni
799 1313 860 1356 Ponti
870 1311 902 1354 'eis
917 1312 938 1354 in
956 1319 1019 1370 capnt

109 1370 162 1419 ltirci
170 1375 289 1434 pesleriorir
299 1384 324 1419 nt
336 1372 422 1419 viidime
434 1374 546 1434 piacularis
559 1371 588 1428 &²
595 1375 671 1435 sigere
684 1370 755 1433 Cltristi
761 1378 867 1434 patientis,
879 1386 925 1419 ttnn
937 1372 1020 1419 dentum

109 1449 170 1485 errant
185 1437 309 1498 imponenda
325 1436 408 1499 qnando
418 1442 479 1499 prior
497 1439 598 1485 irradiatus
612 1436 642 1495 85
658 1438 744 1500 singnis
758 1439 801 1496 eim
807 1438 897 1501 sparfirs.
950 1442 1019 1484 Etiam

109 1502 171 1563 adeps*
182 1501 234 1549 ltirci
245 1508 336 1562 prioris,
348 1506 384 1563 qni
397 1501 516 1550 indubitato
528 1503 558 1550 ad
568 1503 691 1565 sacrificinm
698 1502 780 1562 solenne
795 1501 855 1563 lmjm
869 1504 910 1550 diei
921 1505 965 1566 prist
979 1504 1019 1561 eje-

110 1567 197 1613 &torrear
211 1565 263 1612 ltirei
275 1570 390 1627 posterioris
400 1567 482 1613 demum
493 1571 515 1613 in
528 1568 591 1613 altari
604 1567 740 1614 incendendus
754 1579 816 1627 atque
825 1568 907 1628 insuper
924 1571 1019 1627 inprimit

109 1631 200 1678 nadaver
213 1631 255 1687 ejus
267 1630 419 1691 exportandum
433 1629 462 1687 &d
477 1632 614 1677 cremandum.
633 1629 657 1679 E.
682 1635 726 1692 Qui
742 1636 926 1692 enpirrtionernper
936 1630 1019 1677 illatum

105 1695 242 1758 sparsumque
249 1695 380 1757 sangninem,
394 1706 495 1755 tanquam
504 1712 541 1742 eon
551 1708 663 1742 intimatam
679 1699 810 1757 concipiunt,
823 1694 1019 1755 illifitlennffmnm
1076 1716 1080 1723 .

108 1764 216 1823 negotium
226 1765 318 1824 typiettnt
335 1759 479 1820 corrrplexnm,
499 1759 557 1821 qnod
574 1764 639 1807 varin
658 1759 735 1806 nitidus
752 1760 847 1822 titiana
866 1772 927 1821 atque
944 1759 1017 1808 divina

108 1826 151 1887 lege
163 1835 258 1872 accurate
266 1823 381 1884 seeundum
392 1823 488 1873 ordinem
502 1824 591 1889 definitis
599 1829 673 1888 peragi
686 1823 784 1880 debebat,
802 1826 912 1887 discerpere
923 1823 953 1882 fid
967 1842 1017 1873 enn-

101 1889 195 1953 ftmdere
208 1889 244 1935 oel
255 1889 340 1952 infigeret
352 1891 513 1951 circumstantias
525 1890 633 1952 negligere,
646 1889 681 1936 vel
690 1890 736 1937 illas
747 1893 842 1952 inprimis
852 1894 1017 1952 exportationem

108 1952 139 2011 lid
154 1958 299 2002 cremationem
313 1953 425 2008 cadaveris,
441 1959 509 2001 invito
519 1955 620 2019 Apostolo,
629 1955 796 2016 aliotsnmqnnm
809 1956 837 2003 ad
846 1954 944 2014 Prfflones
956 1953 1016 2004 Cleri.
1044 1968 1050 1976 ·

100 2021 130 2084 Jti
144 2019 286 2081 ignominiosas
294 2030 356 2066 extra
363 2030 449 2081 portam
462 2020 541 2081 referre
549 2031 652 2083 engnntnr
664 2020 768 2080 eisdem,
778 2021 835 2082 qnod
847 2020 962 2081 prudenter
971 2025 1016 2068 evi-

106 2085 196 2131 tandam
209 2089 243 2130 exi
258 2088 356 2139 imamm,
375 2083 444 2143 ntfili
455 2084 529 2132 divina
551 2090 640 2148 replentia
650 2089 671 2134 in
685 2090 716 2132 rei
730 2090 799 2147 tymim
810 2086 942 2134 ordinatione
953 2098 1015 2147 aper-

107 2153 151 2196 tius
160 2151 239 2209 antistet.
259 2161 280 2196 n.
293 2162 316 2210 p.
330 2160 368 2207 42.
381 2148 405 2196 ἃ
418 2160 457 2208 43.
473 2147 541 2215 Relp.
567 2148 719 2199 Verissimum
734 2150 767 2198 est
780 2149 916 2200 Aharonem
929 2164 1014 2200 manns

107 2212 180 2277 eapiti
194 2212 253 2261 hirei
271 2211 406 2275 posterioris
422 2211 556 2325 imfolnille
568 2230 595 2265 ac
613 2216 684 2265 etiam
703 2212 836 2264 confestum
851 2212 918 2262 inille
931 2216 1014 2265 omnia

106 2286 205 2344 peccata
217 2276 291 2326 totius
304 2284 383 2326 coetus
398 2275 474 2334 israe,
489 2279 540 2328 imo
553 2279 619 2342 quod
632 2279 686 2344 plus
696 2279 737 2335 est,
754 2277 841 2327 dedisse
855 2294 881 2327 ea
895 2276 963 2341 super
976 2293 1014 2329 ea-

107 2351 153 2408 put
165 2342 235 2406 hujus
247 2340 306 2391 hirci
318 2339 375 2391 Lev.
390 2338 460 2391 XVI.
471 2355 508 2391 21.
551 2342 596 2393 Sed
609 2344 737 2408 quaeritur,
761 2357 790 2390 an
807 2342 885 2393 hirene
902 2341 940 2392 hie
959 2352 1013 2394 tum

106 2407 224 2473 temporis
238 2404 383 2470 speuandus,
397 2414 424 2456 ut
433 2405 526 2456 viliima
538 2407 695 2470 piacularis&
710 2405 786 2469 figura
798 2405 883 2458 Christi
892 2408 1012 2472 patientis,

106 2473 174 2539 quod
187 2471 256 2536 supra
269 2475 290 2530 ξ.
306 2479 339 2519 6-
353 2486 383 2521 ro
409 2470 514 2521 adductis
531 2473 677 2536 argumentis
690 2470 783 2536 plenius
794 2474 884 2538 negavi
918 2473 956 2523 ub
966 2475 1013 2523 ini-

105 2541 141 2589 tio
156 2537 236 2588 hircus
253 2535 292 2587 hic
308 2551 363 2586 eum
381 2536 446 2586 socio
462 2535 561 2587 dabatur
576 2538 600 2585 in
618 2534 755 2587 sacrificinm
771 2552 817 2601 pro
829 2548 929 2605 peceato
945 2553 966 2586 r.
989 2551 1010 2599 ς,

104 2603 143 2654 sed
156 2603 238 2670 postea
253 2600 315 2653 sorte
327 2602 430 2652 Domini
450 2602 507 2666 jada
528 2600 623 2652 nonnifi
638 2603 705 2667 prior
719 2600 822 2653 sacrificii
837 2602 962 2670 piacularis
975 2603 1012 2654 in.

105 2668 149 2721 star
161 2666 601 2734 adducebatur,medabamnlanguis
613 2666 764 2735 spargebatur
782 2666 837 2722 lev.
852 2667 916 2723 XVI
932 2682 975 2784 9.H
974 2682 1012 2728 15,

977 2748 1011 2786 πο
