2297 3134
373 100 457 158 Lavit.
469 93 605 158 XXIII.
618 97 665 169 aa}
929 112 983 166 319

137 216 159 273 ᾗ.
174 225 227 274 492.
246 208 294 261 Die
304 209 348 262 hac
360 209 468 262 habenda
484 209 571 260 dicitur
583 200 836 275 convocatiolsanita3
857 206 980 258 Coaioocatia
1042 266 1044 270 ι

69 279 140 341 scritta
150 284 191 326 ern
204 277 266 326 nobis.
296 275 395 327 Veteres
408 278 456 326 vim
470 272 557 341 phrasis
569 270 634 323 haud
645 266 741 319 assecuti
753 266 814 316 sunt.
831 266 912 319 LXX.
933 282 979 315 aaa.

73 343 98 394 rax
114 342 169 403 alpia
181 355 254 392 vocato
262 342 334 402 farina
350 347 392 391 erit
406 342 472 392 volis.
492 339 612 403 Vulgatus
627 351 632 385 τ
651 339 699 383 Erit
713 332 856 381 celeberrimas
871 333 900 390 ἓξ
915 353 978 382 onca-

71 411 130 458 httnr
139 409 229 469 tiaran.
253 407 414 458 Consimiliter
421 406 501 472 Syrus.
525 403 572 454 Sed
585 401 675 453 Arabs:
695 404 780 448 Nomen
786 397 883 458 fcrrrttnm
892 404 994 471 criton-x

72 476 109 524 lic.
135 474 206 525 Reste
215 473 303 523 recedit
312 471 487 522 Samaritanus:
507 466 708 526 Cotroocmiofimti'a
720 469 762 513 crit
774 464 848 518 votis,
861 477 916 511 cum
929 478 979 536 arno

72 541 216 590 recentiores
228 536 345 587 versiones
361 536 458 585 sariunt.
506 529 607 595 Junius,
628 530 765 581 Schmidius
782 565 790 585 ‚
818 525 879 601 (illst
894 524 980 602 ledis

72 602 264 667 actitantium.
298 600 350 651 Hos
371 599 497 663 sequimur.
529 609 549 644 1.
567 593 642 645 Num.
660 593 693 647 X.
708 608 728 644 2.
761 592 839 644 Erunt
856 593 900 642 trbr
916 594 980 643 tubae

71 676 119 739 tim
138 675 224 736 naon&
241 675 272 724 ad
285 678 453 724 convocationem
465 680 533 720 cntra.
550 667 629 719 Notio
640 669 683 719 alia
698 670 808 720 obtinete
823 669 922 732 nequit,
934 684 981 719 utt-

71 749 101 798 de
113 749 155 815 ips]
167 747 248 799 LXX.
265 754 362 797 vertunt
379 746 488 789 draconeti
511 741 544 799 riv
559 740 702 798 Etruscam,
724 744 748 792 dc
768 743 842 809 Vulg.
862 748 981 793 convocare

73 826 235 872 multitudinem.
270 833 292 867 2.
310 819 375 870 Dein
388 816 434 884 JeS.
449 817 467 870 Ι.
484 831 520 877 13.
548 827 616 888 sstpn
635 824 688 888 814²>
706 835 817 867 convocare
831 818 869 868 vel
883 818 980 884 procla·

69 912 134 945 mare
149 897 314 943 convocationem
321 887 413 955 fastidio.
449 905 471 956 3,
490 891 518 942 In
533 891 581 942 hoc
593 889 644 956 ipso
658 890 735 953 capite
753 892 900 943 construitur
922 907 979 943 cum

69 981 120 1037 &ap
135 984 183 1012 Μ-
210 977 264 1033 wast
289 976 366 1036 ’napo
384 976 454 1019 mnu
477 976 555 1033 turpat
575 978 631 1017 atttt
651 965 734 1030 an'bns
751 970 981 1018 corruncabitis-conoo-

68 1039 158 1081 cationes
165 1032 252 1092 fhnttas.
271 1030 335 1081 cons.
355 1030 415 1081 insta
433 1044 454 1079 v.
467 1042 506 1079 21.
518 1041 556 1088 37.
579 1028 665 1079 Sensus
679 1033 833 1083 commodos.
867 1033 979 1085 Surenas

68 1105 126 1146 tates
140 1094 271 1146 indicandae
283 1105 358 1152 erant,
371 1105 398 1146 ut
412 1109 518 1161 quorum
531 1096 652 1151 intererat,
661 1092 755 1146 nossent
769 1096 848 1148 officia
867 1099 978 1163 praestan-

68 1161 104 1211 da.
140 1161 247 1224 Quando
261 1161 405 1211 nemetiam
421 1159 538 1210 dabantur
550 1160 740 1210 convocationes
756 1176 915 1222 communes,
932 1179 980 1229 po·-

67 1225 153 1283 litirae,
166 1227 195 1275 de
206 1226 291 1289 quibus
301 1225 347 1275 vid.
372 1223 445 1275 Nunr.
460 1223 493 1275 X.
523 1223 559 1273 lna
572 1223 714 1274 dicebantur
733 1235 787 1286 nno
806 1238 883 1283 runnu
901 1247 978 1279 coiano-

67 1298 155 1339 cationes
161 1293 236 1352 santta
248 1290 326 1340 cultus
338 1290 437 1340 testandi
448 1290 528 1353 gratia.
555 1288 664 1339 Indudlio
676 1289 789 1340 locorum
800 1290 870 1342 facile
881 1295 976 1357 proban

66 1355 155 1406 Plrrasrs
170 1355 234 1405 enim
245 1354 409 1406 adhibeturde
423 1354 505 1404 diebus
516 1353 666 1410 solennibus,
680 1355 704 1403 ἅ
713 1354 849 1413 Sabbatho,
864 1356 924 1407 sesto
933 1358 975 1410 Pa-

66 1421 164 1476 schatis,
178 1419 340 1477 Pentecostes‚
352 1419 473 1484 principio
483 1420 555 1476 anni,
568 1418 627 1468 sesto
647 1418 872 1471 Tabernaculorum
886 1423 934 1473 vid.
952 1440 974 1473 t.

1 1525 2 1528 ,
68 1492 88 1544 3.
99 1501 121 1545 7.
135 1499 172 1534 21.
184 1499 222 1545 aa.
241 1497 277 1544 35.
304 1484 366 1546 Quis
379 1499 430 1533 non
440 1483 529 1539 credit,
548 1482 669 1546 pupulum
679 1482 729 1534 Dei
744 1483 779 1533 his
792 1488 817 1534 in
831 1485 977 1539 solennitati-

66 1552 110 1600 bus
124 1547 261 1600 conr'eniss'e
277 1549 306 1598 ad
323 1548 455 1598 colendum
467 1545 566 1596 Numen
582 1548 592 1596 l
621 1546 745 1612 Tempore
766 1551 847 1615 itaque
860 1551 977 1603 destinato

66 1615 163 1678 publica
175 1614 233 1663 sada
245 1623 294 1663 erat
304 1613 456 1664 convocatio.
492 1610 574 1661 Primo
588 1611 617 1661 ad
628 1610 836 1673 Tabernaculum,
853 1618 935 1681 postea
947 1618 978 1668 ad

65 1679 214 1745 Templum,
233 1693 277 1728 nec
289 1693 340 1728 non
352 1677 380 1728 ad
393 1677 534 1742 Synagogas
546 1677 569 1725 in
584 1676 652 1727 usum
664 1693 758 1734 eorum,
772 1681 814 1744 qui
833 1684 977 1733 remotiores
1019 1715 1020 1718 =

66 1747 78 1796 ῖι
88 1744 194 1809 Templo
207 1743 323 1793 vixerant.
358 1741 443 1794 Coetus
459 1741 587 1792 convocati
603 1752 742 1792 vacaverant
757 1743 832 1793 cultui
849 1745 921 1802 sacro,
935 1750 977 1813 qui

65 1810 171 1875 qualibet
180 1809 204 1857 in
219 1807 360 1857 solennitate
375 1807 524 1871 praescriptus
535 1816 589 1856 erat.
626 1805 685 1855 Non
701 1806 795 1864 dubito,
807 1811 867 1873 quin
883 1811 976 1875 semper

65 1875 161 1940 publice
176 1872 281 1937 prelesia
294 1873 366 1921 suerit
376 1871 416 1921 illa
432 1869 505 1935 Legis
522 1870 604 1926 sessio,
624 1872 737 1934 quaejam
754 1871 899 1926 solennitatis
912 1877 976 1927 cele-

65 1939 161 1990 brandae
173 1938 331 1987 continuerat.
385 1935 456 1985 Unde
478 1935 583 1999 sequitur
602 1933 649 1984 Die
667 1933 838 1999 Expiationum
856 1941 975 2003 praeledas

64 2002 131 2055 titisse
144 2002 221 2065 Leges
240 1999 316 2051 Enod.
331 1998 419 2051 XXX.
436 2014 471 2048 ro,
493 1998 549 2049 Lev,
565 1997 635 2050 XVl.
661 1998 755 2051 XXlll
770 2010 802 2052 26
814 2036 825 2044 -
841 2018 877 2064 34.
899 2005 974 2058 Num.

65 2067 164 2120 XXIX.
179 2080 216 2127 7-
233 2079 269 2117 12.
297 2065 390 2116 Etenim
409 2063 486 2128 Leges
499 2064 535 2113 hae
554 2063 639 2114 diainae
652 2064 836 2118 fundamentum
849 2069 976 2122 sotennira.

66 2146 118 2185 tum
132 2131 284 2197 agendarum.
319 2130 404 2181 Cultus
419 2140 532 2179 externus
544 2127 593 2178 stne
608 2131 683 2180 verbo
694 2133 795 2182 minime
811 2133 901 2186 sufficit.
937 2136 977 2188 De

64 2200 157 2250 solenni
172 2196 322 2262 praelettione
335 2195 404 2257 hujus
417 2194 463 2243 diei
479 2195 546 2257 juxta
561 2201 596 2243 Ta.
612 2200 680 2256 'Jomc
698 2194 728 2247 C.
745 2195 797 2249 Vn.
822 2199 876 2250 alibi
890 2201 975 2253 adum

65 2264 140 2328 Nunc
154 2261 301 2328 progredior
314 2260 343 2312 ad
357 2269 434 2325 partes
453 2259 532 2311 cultus
545 2259 590 2311 laac
603 2258 671 2326 Lege
684 2261 803 2327 expreslis.

127 2375 148 2430 ἓ.
161 2382 215 2428 4932·
234 2367 312 2419 Prima
325 2369 358 2419 est
370 2365 463 2419 affiittso
476 2369 608 2419 animarum
622 2384 627 2418 t
648 2376 673 2417 Et
684 2374 777 2432 affligetis
795 2378 875 2421 minam
892 2378 972 2437 crstini.

68 2434 144 2486 Etiam
160 2432 299 2498 supersedeo
316 2434 359 2484 alia
377 2434 406 2484 de
423 2437 556 2486 animarum
572 2433 700 2484 afflidione
719 2436 815 2495 dice-re,
835 2454 906 2503 quarn
923 2455 977 2505 quae

8 2539 14 2545 „
66 2501 125 2551 dida
140 2502 192 2550 sunt
206 2498 234 2549 ad
247 2496 303 2548 Lea.
315 2497 384 2549 XVI.
397 2514 435 2558 29.
452 2514 488 2559 30·
506 2516 528 2551 u.
546 2504 568 2560 ς,
582 2512 627 2561 423
638 2531 649 2540 -
659 2507 715 2560 426.

130 2600 153 2661 s.
168 2611 222 2664 aaa„
237 2596 333 2648 Altera:
351 2604 377 2646 tt
388 2598 478 2661 afficeris
499 2609 555 2651 nnn
569 2597 662 2660 *Jeitona
696 2596 756 2651 Vua
769 2599 877 2654 hebraica
895 2612 976 2717 upupa

914 2683 936 2717 ia
956 2680 978 2718 er
