2297 3134
434 111 516 170 Fertis
531 110 762 182 &tibairiadau
950 180 953 185 .
1005 128 1062 186 417

210 220 298 273 Tribus
318 220 437 286 prioribus
453 223 569 288 capitibus
594 238 645 273 eam
666 222 734 273 tenui
754 216 918 277 methodum,
942 234 995 286 qua
1011 220 1056 271 do-

146 287 253 340 mesticas
268 287 424 338 institutiones
440 289 512 350 juvat.
573 288 655 350 Quare
669 286 682 337 a
694 286 776 338 fusiori
794 285 973 335 deduslionu&
992 286 1055 336 testi-

145 356 285 404 moniorum
307 352 448 417 allegatione
470 354 576 403 abstinui.
633 352 799 403 Nihilominus
826 366 902 400 unum
921 350 1052 401 alterumve

146 429 350 474 monumentum,
370 431 421 468 tum
436 419 560 475 divinum,
579 427 630 468 tum
652 417 833 468 ecclesaslicum
847 454 853 472 ‚
867 415 998 475 subjunxi,
1025 426 1052 466 ut

144 484 218 534 ledor
234 484 299 533 distis
313 482 384 533 fidem
400 484 486 533 habere
499 483 597 549 poiset3
625 483 782 547 tlrrtiquitates
795 483 887 547 quippe
905 478 998 544 sacraeit
1015 480 1052 530 so-

144 548 173 598 lis
183 551 349 598 monumentis
361 549 508 613 dependent.
553 546 713 598 Recensrones
726 549 750 597 dc
764 547 907 602 ratiocinia,
924 561 977 611 quac
995 545 1051 595 fun-

144 614 259 663 damento
274 624 365 671 carent,
380 614 441 663 ridet
453 614 584 663 historicus.
637 611 758 674 Quartum
777 628 843 670 vero,
860 611 928 677 quod
944 611 974 661 de
988 613 1051 659 viiii-

142 696 225 726 rnnrmn
240 685 359 742 integritare
378 680 446 742 agit,
465 693 492 727 ac
509 678 548 727 bic
565 678 704 740 Heidelberga
725 677 822 741 publice
839 677 982 726 ventilatum
999 676 1048 733 esi,

142 743 198 792 ideo
211 742 287 793 solum
300 744 387 803 subieci
399 780 405 799 ,
419 754 451 791 ut
468 742 594 806 specimen,
613 744 679 807 quod
693 742 771 805 gustui
786 758 843 792 meo
856 741 1000 805 respondet,
1020 743 1051 790 ri-

143 817 181 858 tus
193 807 268 858 sacros
283 808 377 873 plenius
389 807 501 856 tractandi
515 807 622 857 lillerern.
666 805 756 857 Eritavi
772 807 912 856 brevitatem
928 823 935 868 3
959 805 1050 857 Eritavi

97 880 98 883 ’
141 888 241 938 quoque
255 875 352 922 nimiam
369 871 537 936 prolixitatem.
589 871 671 934 Quare
686 872 774 928 aliena,
792 874 860 928 trita,
878 873 1048 935 grammatica,

140 938 291 993 testimonia,
306 952 358 1002 qnae
371 939 434 987 idem
447 937 538 1003 semper
552 939 661 999 tradunt,
678 937 794 1001 plurimos
809 937 932 993 sudores,
945 937 986 1002 qui
999 936 1048 986 line

140 1003 224 1058 causa,
243 1004 313 1051 etiarn
329 1018 378 1051 non
396 1001 511 1066 inlpesli,
530 1002 646 1066 praelongi
661 1001 767 1068 syrmatis
783 1002 854 1052 instar
870 1012 1045 1067 apponuntur,

140 1069 164 1116 &
177 1069 273 1131 egregie
288 1066 370 1132 scripta
381 1068 497 1112 arhortitur'r
517 1067 551 1123 nul
564 1066 695 1125 usyundraor
715 1064 763 1129 argit
775 1064 799 1110 ri
816 1071 938 1124 assaliat,
954 1065 1046 1117 rescidi,

140 1131 236 1193 Quibus
251 1132 293 1181 lux
304 1132 328 1181 dc
345 1134 418 1182 robur
434 1132 514 1183 deerat
529 1169 536 1189 ,
552 1131 590 1181 illa
608 1147 639 1182 ex
657 1133 726 1181 certis
746 1131 885 1197 philologia
898 1134 1043 1197 principiis,

138 1197 234 1260 legibus
248 1198 332 1246 divinis
346 1199 369 1247 dc
384 1198 533 1261 sapientum,
552 1207 668 1261 quantum
681 1199 769 1262 potui,
789 1197 901 1262 exposui,
920 1197 1048 1247 confirma-

76 1297 78 1301 ,
138 1263 217 1326 vique.
257 1260 285 1312 Et
298 1277 372 1328 quum
384 1261 479 1326 Legum
493 1263 621 1313 carnalium
634 1261 726 1326 spiritus
742 1263 878 1326 mysterium
894 1261 937 1318 sit,
957 1263 1049 1313 solicite

137 1327 216 1376 lludui
231 1363 238 1382 ,
255 1327 315 1376 illud
328 1329 475 1390 argumentis
488 1327 625 1392 apodislicis
644 1326 655 1384 s
664 1326 752 1383 habent
769 1328 833 1375 euim
852 1327 876 1376 dc
893 1329 944 1391 typi
959 1327 1046 1372 dautes.

137 1389 198 1452 Zara)
216 1392 294 1453 primo
310 1394 427 1454 probare,
444 1402 502 1442 tuuc
518 1392 584 1441 bono
602 1391 704 1449 ordine,
723 1391 861 1442 commodis
889 1392 1045 1442 dillinslioni·

137 1456 181 1505 bus
204 1455 344 1511 deducere,
370 1472 397 1506 ac
415 1455 500 1520 figuras
522 1472 577 1505 cum
604 1454 709 1520 figuratis
736 1462 755 1501 is
777 1454 1044 1518 aagsntaacouocare.

137 1519 189 1569 Hac
202 1522 292 1584 quippe
304 1522 394 1569 ratione
412 1523 491 1584 typica
504 1520 643 1570 confortant
659 1556 665 1575 ,
684 1520 818 1576 illustrant,
836 1521 919 1582 juvant
938 1523 961 1570 bc
979 1522 1047 1571 exhi·
1072 1570 1074 1572 ,

135 1583 217 1633 lerant.
262 1582 347 1645 Quum
365 1585 421 1634 ritus
437 1586 526 1649 absque
541 1584 653 1649 mysterio
672 1585 756 1634 umbra
774 1584 881 1641 nonnisi,
898 1586 922 1635 dc
939 1587 1047 1652 mysteri-

135 1664 177 1723 um
194 1649 283 1762 absfque
301 1648 459 1762 sqndamento
476 1650 544 1700 suave
561 1648 706 1700 insomnium
722 1650 747 1700 dt
764 1648 906 1702 luxuriantis
919 1650 1048 1716 phantasiae

135 1729 211 1765 rrianrs
239 1725 302 1764 octus
325 1725 349 1763 it.
592 1732 593 1735 ¹
687 1735 688 1739 ¹
844 1752 845 1755 ,

199 1810 227 1861 ln
244 1812 364 1876 posterum
378 1811 448 1874 hujus
463 1813 557 1876 generis
574 1812 666 1863 labores
683 1828 735 1863 non
756 1813 894 1877 promitto,
916 1813 958 1864 nisi
975 1812 1045 1866 Deus

134 1878 259 1933 animum,
275 1878 352 1925 otium
364 1878 388 1925 dc
408 1877 484 1926 ansam
500 1878 628 1941 largiatur,
646 1877 715 1933 siloe,
734 1894 795 1942 quos
809 1878 867 1927 olim
888 1880 912 1927 in
923 1878 1045 1930 Universr-

134 1952 181 1991 tate
193 1939 358 2004 hlarburgensr
371 1941 558 2006 publicaveram,
567 1942 732 2006 colligendi&
747 1945 860 1993 curatiori
877 1943 932 1993 lima
949 1945 1045 2009 polien.

134 2007 164 2056 di.
203 2005 272 2055 illlens
290 2016 368 2054 tamen
395 2023 444 2056 mea
467 2006 579 2070 peculiari
600 2006 715 2056 desiderio
739 2005 819 2072 saepius
834 2009 933 2072 gestiit,
951 2010 1043 2068 telam,

135 2087 207 2133 quarn
220 2071 252 2119 ibi
265 2073 417 2134 inceperam,
431 2084 487 2135 puta
500 2073 598 2134 illustrem
617 2077 684 2120 astitum
700 2076 748 2120 Diei
764 2079 904 2136 expiationis,
922 2072 1043 2139 perficere,

133 2136 172 2188 Ell
183 2137 247 2185 enim
262 2137 372 2185 omniurn
392 2136 480 2185 rituum
497 2137 634 2187 divinorum
652 2138 711 2187 citra
728 2137 915 2189 controversam
927 2139 1043 2208 Princeps

134 2213 158 2263 st
173 2210 241 2268 Rex,
264 2211 378 2276 ducitque
392 2212 511 2262 literaliter
526 2213 586 2263 resse
599 2213 732 2265 intellestus
752 2214 782 2265 ad
795 2215 938 2266 intuendum
952 2216 1043 2269 nitebat

133 2277 277 2325 adrnirasilenr
296 2274 448 2341 sapientiam,
472 2278 630 2337 sanslitatern,
653 2280 765 2340 justitiam
787 2281 810 2330 br
834 2283 935 2346 gratiam
954 2280 1001 2332 Dei
1017 2284 1041 2332 in

134 2340 187 2406 Jesu
203 2341 313 2398 carino,
330 2358 357 2392 uc
371 2345 441 2393 etiarn
460 2342 666 2394 sanilificationem
680 2347 704 2394 dt
719 2346 784 2410 spem
800 2348 876 2396 viram
894 2346 1043 2412 consequen-

134 2407 198 2455 duni.
248 2405 382 2464 lutensunr,
403 2410 542 2473 quodante
559 2421 595 2459 tot
614 2410 682 2460 lullra
702 2426 881 2474 conceperam,
900 2411 1043 2476 desideriunt

133 2469 215 2526 facile,
231 2469 247 2519 fi
263 2472 293 2520 ita
305 2469 361 2521 Deo
377 2475 496 2524 videbitur
507 2513 513 2531 ,
526 2491 592 2524 nuuc
605 2475 697 2539 impleri
708 2474 784 2536 valeta
810 2475 912 2541 Quippe
925 2477 1002 2527 sensus
1014 2477 1043 2527 li-

133 2535 211 2587 teralis
224 2535 272 2585 hoc
286 2535 316 2585 de
328 2538 374 2586 rito
388 2575 395 2594 ,
414 2542 498 2596 omni,
521 2555 567 2604 qua
580 2551 688 2604 poteram
702 2577 709 2597 ,
727 2556 783 2591 cura
795 2541 936 2607 indagatus,
948 2542 1041 2592 dusius

133 2616 181 2668 que
195 2601 225 2653 ad
236 2600 315 2652 finem,
350 2601 429 2668 ipsum
446 2606 516 2656 etiarn
526 2605 663 2670 mysterium
680 2606 726 2669 jam
743 2605 794 2657 assu
806 2618 901 2659 erutum
914 2609 1044 2672 probarum

551 2679 636 2732 Kish
1017 2700 1045 2735 ac
