2297 3134
196 162 249 216 rra
544 144 628 201 Latii.
646 142 740 200 XVI.
757 159 778 217 5.

189 268 242 303 rare
256 267 307 302 non
321 260 399 319 poto,
418 251 494 304 modo
508 252 535 303 ad
548 251 647 316 Legem,
661 253 761 317 ejusque
773 251 871 318 scopum
882 252 1037 305 attendantur.
1068 251 1101 303 Si-

190 319 240 368 cuti
257 313 362 382 p'etcatis
378 318 500 370 Sacerdoti
518 319 642 384 expiandis
659 326 689 368 aa
704 323 830 380 Jnoencus,
847 320 878 368 ita
895 321 946 370 duo
961 319 1018 370 hirci
1033 317 1102 370 desti-

190 394 323 452 nabantur,
342 405 370 446 tat
383 392 454 445 eli'ent
475 392 564 460 natant
579 407 620 457 prro
633 407 717 457 peccato
730 393 836 459 populi,
856 403 881 444 ut
895 394 959 446 bene
981 396 1061 459 litigat.
1078 395 1101 445 dr

190 468 275 522 LXX.
290 471 334 535 περὶ
351 471 463 535 asnapio.
491 466 547 518 llox
561 480 633 520 nunti
648 472 713 520 enim
726 470 805 535 primo
820 469 894 535 ipsum
902 485 1010 534 peccarant
1024 481 1099 523 notat.

190 544 260 595 Nihil
272 546 333 596 aliod
352 549 429 610 itaque
447 545 489 594 lex
502 544 570 601 vult,
587 560 657 610 quam
680 545 758 596 hircos
776 558 820 609 pro
838 552 927 609 peccatis
941 549 1012 610 papali
1028 551 1040 609 (
1054 546 1097 597 leil.

191 612 329 674 expiandis)
350 610 466 661 emendos
476 608 527 660 elle.
563 609 703 676 Expiationi
716 626 772 660 vero
788 626 839 660 nou
853 626 913 661 unns
927 627 958 661 ex
969 612 1100 663 ordinatio-

189 692 220 724 ne
236 675 283 726 Dei
303 675 341 725 sed
362 686 463 741 uterque
486 673 645 725 netellarius:
670 675 805 741 Legislator
822 675 976 741 sirnplieitet:
996 684 1021 724 Er
1029 678 1100 738 sanarat

184 738 278 790 '‘Altaron
289 742 339 789 diros
355 740 420 790 ltirnos
435 753 548 803 capturum
562 753 720 803 pro-peccator
737 740 800 791 nulla
817 751 879 791 cette
893 740 1049 792 disslnllionis
1063 758 1099 793 ra-

189 807 238 861 tto,
256 821 301 871 qut
318 821 437 871 unusprae
455 804 502 854 alio
521 803 549 855 ad
563 807 727 870 expiationem
744 808 876 870 pertineret.
928 805 1053 859 Infirmum
1066 807 1099 857 est

142 869 144 877 ’
187 868 257 920 illum
274 870 366 927 soloni.
388 873 428 937 qni
448 869 505 920 Deo
520 867 638 927 cellerat,
660 877 735 922 nunti
755 871 818 928 diti,
837 871 1031 937 quandoquidem
1050 871 1098 922 hoc

188 957 309 998 cornmate
322 957 422 1012 uterque
434 946 518 1000 diserte
532 934 625 1001 nitidula
639 948 732 998 dicitur.
769 949 821 997 imo
834 964 858 999 ea
872 949 901 999 de
912 947 1027 998 emillario
1038 962 1097 1014 prat-

188 1012 317 1069 dicantur,
336 1028 389 1078 quaa
401 1012 470 1064 illum
480 1014 633 1086 Rpiacularem
653 1011 824 1063 evidentiffinre
841 1013 931 1064 faciunt
946 1051 952 1070 ,
968 1015 1039 1065 utin.
1057 1026 1094 1063 21.

185 1079 214 1126 illi
231 1095 303 1126 uranus
313 1083 433 1141 imponere,
453 1082 545 1143 coaptari
561 1080 626 1142 super
637 1097 667 1134 ao,
684 1093 704 1127 r.
720 1090 757 1127 22.
769 1089 859 1139 portare
870 1091 960 1139 petentia.
1011 1076 1096 1128 Praete-

185 1157 225 1192 tea
240 1143 338 1192 minime
353 1141 474 1192 insolitum
487 1141 606 1207 scripturae
622 1142 703 1208 piures
715 1156 817 1202 nurnero
836 1141 940 1191 'viiiirnas
954 1156 1007 1191 cum
1021 1152 1095 1192 nitur!

185 1207 209 1255 in
229 1221 331 1257 numero
345 1205 456 1271 singulari
473 1208 618 1263 construere.
632 1207 656 1257 N
659 1222 707 1257 unt.
726 1204 776 1256 Vll.
790 1214 828 1265 87.
847 1211 910 1256 Hirri
921 1220 1031 1269 capraram
1044 1208 1095 1255 daro-

183 1286 250 1333 decim
262 1270 352 1352 nupt-rb
369 1298 409 1349 pro
418 1286 539 1349 peccator&
557 1300 579 1336 2.
593 1284 685 1337 Chaon.
703 1281 803 1335 XXlX.
820 1298 856 1335 21.
888 1282 958 1334 Hirci
970 1298 1094 1348 caprarum

183 1367 273 1434 septem
287 1353 378 1437 liupolt
395 1381 435 1432 pro
444 1380 533 1432 peccato.
582 1365 648 1428 Quid
663 1369 736 1433 igitur
751 1367 869 1431 impedit,
888 1368 1031 1433 quominus
1051 1368 1095 1417 eti-

184 1475 223 1511 am
233 1458 282 1509 dno
294 1455 354 1506 hirci
370 1454 428 1505 rede
445 1453 553 1503 dicantur
568 1441 657 1505 nuno&
676 1454 873 1518 &expiationem
887 1456 979 1515 peccati
995 1464 1044 1503 un'a
1061 1452 1094 1503 ia-

184 1531 271 1584 ciant?
288 1530 352 1582 Cum
369 1529 413 1579 hac
424 1526 492 1591 Lege
506 1528 555 1578 latis
569 1529 683 1579 convenit
696 1528 733 1578 illa
746 1529 775 1578 de
790 1528 956 1594 purificatione
967 1527 1054 1594 leprosi
1069 1529 1094 1577 dc

183 1599 272 1649 domos
286 1595 352 1660 lepra
365 1593 454 1642 infetiae
470 1592 523 1642 Lev.
534 1591 603 1643 XlV.
623 1593 690 1644 rana
702 1593 733 1643 eil
750 1593 801 1643 haec
813 1593 903 1644 duabus
920 1596 1018 1645 aribus:
1039 1592 1092 1642 Una
1112 1615 1114 1619 >

183 1663 347 1716 raiatiabatur,
366 1657 437 1708 altera
456 1659 507 1708 vira
521 1657 698 1714 dimittebatur,
713 1658 804 1722 irriguis
819 1660 864 1708 atris
879 1660 983 1709 trinitate
996 1657 1091 1723 sparge-

184 1729 261 1777 batur.
288 1723 439 1788 'la'ergebant
454 1738 501 1773 una
517 1724 545 1772 ad
566 1724 728 1787 expiationem
744 1723 973 1786 &purificationem
990 1739 1010 1773 ν.
1029 1736 1049 1771 2.
1068 1737 1089 1784 7.

183 1806 221 1853 49.
239 1805 273 1851 52.
291 1803 325 1849 53.
361 1787 435 1838 Aliter
447 1789 559 1851 opinatur
573 1787 616 1837 Cel
636 1787 761 1838 Cremerus
778 1789 902 1838 l'oribensl.
917 1792 955 1839 cit.
966 1804 1019 1853 pag.
1038 1802 1089 1847 roa.

182 1857 247 1908 Niltil
256 1856 319 1916 finiile
335 1858 358 1902 in
370 1866 413 1901 roro
430 1857 536 1915 reperitur
548 1860 603 1916 Lege
615 1877 631 1911 ‚i
646 1854 704 1916 quod
717 1858 769 1901 enim
790 1855 908 1904 elatioribus
922 1860 944 1903 in
956 1853 1039 1919 Leprofi
1053 1857 1090 1901 Sn-

181 1928 265 1971 nnriont
282 1920 358 1968 auibus
372 1923 394 1967 in
405 1918 496 1966 aredium
513 1917 619 1980 aufertur,
635 1919 698 1981 plane
715 1922 739 1982 esi
754 1918 851 1978 dffinrile.
905 1917 933 1969 lit
947 1914 1089 1985 quibusdam

182 1985 363 2038 circumstantiis
381 1981 521 2032 conceditur
535 1981 699 2033 diiiimilitndo
713 2020 719 2040 ,
736 1992 758 2033 at
775 1986 801 2033 in
817 1983 941 2035 litbstantia
954 1986 996 2041 rei,
1006 1994 1034 2033 ut
1045 1998 1088 2032 nu-

180 2067 267 2107 mero,
283 2049 366 2104 fartis,
388 2049 458 2096 unius
479 2056 574 2104 tuone,
601 2048 697 2098 alterius
713 2050 774 2104 rita,
794 2048 910 2114 sparsione
927 2049 1045 2112 sangoinis
1064 2048 1087 2096 dt

180 2116 257 2181 scopo
271 2115 339 2164 datur
356 2113 526 2161 cotirenientia.
566 2112 634 2163 [leeli
645 2113 743 2177 quidem
757 2113 814 2163 Lev.
828 2114 894 2165 XlV.
912 2130 999 2162 nornen
1015 2122 1087 2162 nunti

174 2190 300 2254 firrrifitirrnr
312 2200 353 2249 pro
360 2198 459 2248 patratu,
478 2183 515 2233 led
528 2185 592 2235 adest
606 2187 670 2236 idem
690 2185 758 2244 finis,
774 2183 845 2239 nnn‘a
859 2192 942 2249 expiare
955 2199 1000 2241 'th
1014 2189 1087 2250 plara.

179 2273 218 2311 re,
236 2263 287 2304 nnn
298 2248 415 2316 paripate-l.
432 2250 471 2298 cit.
490 2250 556 2314 quod
573 2266 629 2300 vero
649 2254 854 2316 expiat,purgat,
872 2266 954 2301 annon
967 2246 998 2294 est
1014 2263 1086 2303 natura

177 2332 216 2382 pro
227 2321 330 2383 perraro?
348 2312 456 2377 Quando
466 2314 537 2377 igitur
548 2315 588 2364 lex
596 2317 624 2368 de
638 2316 734 2366 duobus
744 2316 815 2365 hircis
831 2315 949 2382 praeditat,
961 2315 1027 2379 qtrod
1041 2315 1086 2368 sint

175 2397 217 2447 pro
227 2395 314 2447 peccatu,
323 2391 421 2445 uterque
438 2380 550 2442 poscitur,
567 2381 589 2428 u
606 2397 652 2430 urta
664 2381 835 2446 expiationem,
847 2381 1036 2444 purificationem
1049 2391 1085 2446 ty-

177 2451 233 2514 pice
251 2447 394 2512 producnnt.
437 2443 505 2494 Unus
517 2444 580 2494 lolrts
594 2444 704 2494 offertum
720 2460 768 2494 non
783 2444 930 2511 alloquitor:
950 2446 1022 2497 Causa
1039 2448 1085 2497 uti-

180 2529 228 2578 que
245 2511 375 2562 attollenda
387 2509 419 2558 est
431 2510 461 2559 ab
475 2509 673 2574 ,imperfetlionffi
692 2525 742 2575 quae
756 2512 819 2576 typis
833 2511 903 2561 inelle
915 2511 979 2562 solet.
1015 2511 1084 2560 Unus

176 2578 256 2628 hireos
269 2592 317 2624 non
334 2574 402 2624 strnul
421 2585 524 2625 mortem
542 2577 568 2624 dt
584 2577 652 2624 uitam
676 2575 759 2626 referre
782 2576 818 2626 val
835 2589 847 2627 t.
899 2577 995 2637 Quare,
1016 2576 1083 2640 quod

174 2659 222 2693 urta
233 2643 307 2707 ligura
321 2639 366 2689 sisti
386 2642 488 2705 nequit,
506 2638 633 2692 sistendum
647 2639 755 2701 ditabat,
780 2651 807 2694 ut
827 2642 867 2695 suo
889 2642 946 2693 loco
965 2641 1083 2717 condoluit

172 2724 203 2759 ex
219 2706 384 2774 implemento.
1007 2713 1028 2766 i·
1042 2713 1078 2768 87.
