<?xml version="1.0" encoding="UTF-8"?>
<!DOCTYPE html PUBLIC "-//W3C//DTD XHTML 1.0 Transitional//EN"
    "http://www.w3.org/TR/xhtml1/DTD/xhtml1-transitional.dtd">
<html xmlns="http://www.w3.org/1999/xhtml" xml:lang="en" lang="en">
 <head>
  <title>
</title>
<meta http-equiv="Content-Type" content="text/html;charset=utf-8" />
  <meta name='ocr-system' content='tesseract 3.04.00' />
  <meta name='ocr-capabilities' content='ocr_page ocr_carea ocr_par ocr_line ocrx_word'/>
</head>
<body>
  <div class='ocr_page' id='page_1' title='image "./MN40369ucmf_0/MN40369ucmf_0_0327.png"; bbox 0 0 2297 3134; ppageno 0'>
   <div class='ocr_carea' id='block_1_1' title="bbox 358 152 989 242">
    <p class='ocr_par' dir='ltr' id='par_1_1' title="bbox 358 152 989 242">
     <span class='ocr_line' id='line_1_1' title="bbox 358 152 989 242; baseline -0.016 -23"><span class='ocrx_word' id='word_1_1' title='bbox 358 239 359 242; x_wconf 7' lang='grc' dir='ltr'><strong>Ἴ</strong></span> <span class='ocrx_word' id='word_1_2' title='bbox 400 159 483 219; x_wconf 74' lang='lat' dir='ltr'>Levis.</span> <span class='ocrx_word' id='word_1_3' title='bbox 509 152 593 218; x_wconf 85' lang='lat' dir='ltr'><em>XVI.</em></span> <span class='ocrx_word' id='word_1_4' title='bbox 612 153 658 223; x_wconf 66' lang='lat' dir='ltr'>aa}</span> <span class='ocrx_word' id='word_1_5' title='bbox 932 153 989 227; x_wconf 78' lang='lat'>267</span> 
     </span>
    </p>
   </div>
   <div class='ocr_carea' id='block_1_2' title="bbox 79 259 988 668">
    <p class='ocr_par' dir='ltr' id='par_1_2' title="bbox 79 259 988 668">
     <span class='ocr_line' id='line_1_2' title="bbox 81 259 986 339; baseline -0.019 -9"><span class='ocrx_word' id='word_1_6' title='bbox 81 281 195 330; x_wconf 69' lang='lat' dir='ltr'>r&#39;tn&#39;ttun·</span> <span class='ocrx_word' id='word_1_7' title='bbox 219 274 258 324; x_wconf 86' lang='lat' dir='ltr'>Ad</span> <span class='ocrx_word' id='word_1_8' title='bbox 271 272 431 338; x_wconf 80' lang='lat' dir='ltr'>depromendam</span> <span class='ocrx_word' id='word_1_9' title='bbox 450 286 544 320; x_wconf 84' lang='lat' dir='ltr'><em>acerram</em></span> <span class='ocrx_word' id='word_1_10' title='bbox 560 266 590 326; x_wconf 61' lang='lat' dir='ltr'>Ed</span> <span class='ocrx_word' id='word_1_11' title='bbox 606 267 693 325; x_wconf 62' lang='lat' dir='ltr'>exapta.</span> <span class='ocrx_word' id='word_1_12' title='bbox 714 328 718 338; x_wconf 42' lang='grc' dir='ltr'>Ι</span> <span class='ocrx_word' id='word_1_13' title='bbox 732 259 808 324; x_wconf 82' lang='lat' dir='ltr'>Quod</span> <span class='ocrx_word' id='word_1_14' title='bbox 822 261 986 339; x_wconf 28' lang='lat' dir='ltr'>ipsun&#39;tlbabet</span> 
     </span>
     <span class='ocr_line' id='line_1_3' title="bbox 80 326 985 405; baseline -0.014 -14"><span class='ocrx_word' id='word_1_15' title='bbox 80 342 207 405; x_wconf 63' lang='lat' dir='ltr'>itasciliztsin</span> <span class='ocrx_word' id='word_1_16' title='bbox 224 344 332 390; x_wconf 72' lang='lat' dir='ltr'>conteram.</span> <span class='ocrx_word' id='word_1_17' title='bbox 348 338 378 386; x_wconf 80' lang='lat' dir='ltr'>ad</span> <span class='ocrx_word' id='word_1_18' title='bbox 393 351 413 385; x_wconf 84' lang='grc' dir='ltr'>ν.</span> <span class='ocrx_word' id='word_1_19' title='bbox 429 348 466 394; x_wconf 86' lang='lat'>23·</span> <span class='ocrx_word' id='word_1_20' title='bbox 498 334 572 390; x_wconf 64' lang='lat' dir='ltr'>,Non</span> <span class='ocrx_word' id='word_1_21' title='bbox 586 331 658 384; x_wconf 89' lang='lat' dir='ltr'>video</span> <span class='ocrx_word' id='word_1_22' title='bbox 676 336 802 402; x_wconf 32' lang='lat' dir='ltr'>rationein·</span> <span class='ocrx_word' id='word_1_23' title='bbox 818 326 985 378; x_wconf 83' lang='lat' dir='ltr'>Tradrtronem</span> 
     </span>
     <span class='ocr_line' id='line_1_4' title="bbox 80 393 985 470; baseline -0.019 -11"><span class='ocrx_word' id='word_1_24' title='bbox 80 419 131 459; x_wconf 87' lang='lat' dir='ltr'>turn</span> <span class='ocrx_word' id='word_1_25' title='bbox 143 405 270 468; x_wconf 78' lang='lat' dir='ltr'>rejiciendi,</span> <span class='ocrx_word' id='word_1_26' title='bbox 283 403 380 470; x_wconf 87' lang='lat' dir='ltr'>quando</span> <span class='ocrx_word' id='word_1_27' title='bbox 393 415 443 449; x_wconf 92' lang='lat' dir='ltr'>non</span> <span class='ocrx_word' id='word_1_28' title='bbox 457 399 533 450; x_wconf 88' lang='lat' dir='ltr'>solum</span> <span class='ocrx_word' id='word_1_29' title='bbox 549 414 605 449; x_wconf 86' lang='lat' dir='ltr'>curn</span> <span class='ocrx_word' id='word_1_30' title='bbox 617 397 685 461; x_wconf 85' lang='lat' dir='ltr'><strong>Lege</strong></span> <span class='ocrx_word' id='word_1_31' title='bbox 697 402 822 448; x_wconf 77' lang='lat' dir='ltr'>convenit,</span> <span class='ocrx_word' id='word_1_32' title='bbox 835 393 873 442; x_wconf 87' lang='lat' dir='ltr'>sed</span> <span class='ocrx_word' id='word_1_33' title='bbox 884 394 906 442; x_wconf 80' lang='lat' dir='ltr'>dc</span> <span class='ocrx_word' id='word_1_34' title='bbox 917 409 985 443; x_wconf 87' lang='lat' dir='ltr'>corn-</span> 
     </span>
     <span class='ocr_line' id='line_1_5' title="bbox 80 458 987 534; baseline -0.017 -10"><span class='ocrx_word' id='word_1_35' title='bbox 80 472 153 524; x_wconf 85' lang='lat' dir='ltr'>mode</span> <span class='ocrx_word' id='word_1_36' title='bbox 166 488 216 522; x_wconf 86' lang='lat' dir='ltr'>earn</span> <span class='ocrx_word' id='word_1_37' title='bbox 232 470 341 534; x_wconf 85' lang='lat' dir='ltr'>explicat.</span> <span class='ocrx_word' id='word_1_38' title='bbox 387 466 467 530; x_wconf 77' lang='lat' dir='ltr'>Atque</span> <span class='ocrx_word' id='word_1_39' title='bbox 478 466 511 514; x_wconf 87' lang='lat' dir='ltr'>ita</span> <span class='ocrx_word' id='word_1_40' title='bbox 523 464 659 526; x_wconf 81' lang='lat' dir='ltr'>sequeretur</span> <span class='ocrx_word' id='word_1_41' title='bbox 676 466 793 510; x_wconf 66' lang='lat' dir='ltr'>tertiariam</span> <span class='ocrx_word' id='word_1_42' title='bbox 809 463 927 507; x_wconf 77' lang='lat' dir='ltr'>Coetvearas</span> <span class='ocrx_word' id='word_1_43' title='bbox 941 458 987 509; x_wconf 84' lang='lat' dir='ltr'>lata</span> 
     </span>
     <span class='ocr_line' id='line_1_6' title="bbox 79 522 988 603; baseline -0.021 -13"><span class='ocrx_word' id='word_1_44' title='bbox 79 538 244 603; x_wconf 86' lang='lat' dir='ltr'>accipiendum</span> <span class='ocrx_word' id='word_1_45' title='bbox 259 533 303 585; x_wconf 90' lang='lat' dir='ltr'>else</span> <span class='ocrx_word' id='word_1_46' title='bbox 316 533 424 583; x_wconf 88' lang='lat' dir='ltr'>notione.</span> <span class='ocrx_word' id='word_1_47' title='bbox 467 527 524 589; x_wconf 85' lang='lat' dir='ltr'>Qua</span> <span class='ocrx_word' id='word_1_48' title='bbox 537 528 698 592; x_wconf 80' lang='lat' dir='ltr'>explicatione</span> <span class='ocrx_word' id='word_1_49' title='bbox 719 522 816 576; x_wconf 85' lang='lat' dir='ltr'>admissa</span> <span class='ocrx_word' id='word_1_50' title='bbox 829 522 912 574; x_wconf 87' lang='lat' dir='ltr'>locunr</span> <span class='ocrx_word' id='word_1_51' title='bbox 927 538 988 588; x_wconf 87' lang='lat' dir='ltr'>qno-</span> 
     </span>
     <span class='ocr_line' id='line_1_7' title="bbox 79 588 987 668; baseline -0.018 -14"><span class='ocrx_word' id='word_1_52' title='bbox 79 619 126 668; x_wconf 88' lang='lat' dir='ltr'>que</span> <span class='ocrx_word' id='word_1_53' title='bbox 138 602 208 653; x_wconf 87' lang='lat' dir='ltr'>habet</span> <span class='ocrx_word' id='word_1_54' title='bbox 220 602 262 651; x_wconf 87' lang='lat' dir='ltr'>alia</span> <span class='ocrx_word' id='word_1_55' title='bbox 278 597 350 661; x_wconf 78' lang='lat' dir='ltr'>Joaela</span> <span class='ocrx_word' id='word_1_56' title='bbox 365 599 440 657; x_wconf 74' lang='lat' dir='ltr'>Langii</span> <span class='ocrx_word' id='word_1_57' title='bbox 455 593 485 642; x_wconf 91' lang='lat' dir='ltr'>ad</span> <span class='ocrx_word' id='word_1_58' title='bbox 496 594 518 643; x_wconf 89' lang='lat' dir='ltr'>h.</span> <span class='ocrx_word' id='word_1_59' title='bbox 528 593 543 642; x_wconf 91' lang='lat' dir='ltr'>l.</span> <span class='ocrx_word' id='word_1_60' title='bbox 562 592 713 656; x_wconf 79' lang='lat' dir='ltr'>conjetlura3</span> <span class='ocrx_word' id='word_1_61' title='bbox 729 591 775 642; x_wconf 85' lang='lat' dir='ltr'>scil.</span> <span class='ocrx_word' id='word_1_62' title='bbox 795 588 934 642; x_wconf 82' lang='lat' dir='ltr'>tibatonem</span> <span class='ocrx_word' id='word_1_63' title='bbox 946 602 987 639; x_wconf 88' lang='lat' dir='ltr'>ex-</span> 
     </span>
    </p>
   </div>
   <div class='ocr_carea' id='block_1_3' title="bbox 25 656 801 734">
    <p class='ocr_par' dir='ltr' id='par_1_3' title="bbox 25 656 801 734">
     <span class='ocr_line' id='line_1_8' title="bbox 25 656 801 734; baseline -0.017 -14"><span class='ocrx_word' id='word_1_64' title='bbox 25 690 27 697; x_wconf 94' lang='lat'>·</span> <span class='ocrx_word' id='word_1_65' title='bbox 79 667 154 720; x_wconf 85' lang='lat' dir='ltr'>tulisse</span> <span class='ocrx_word' id='word_1_66' title='bbox 168 667 258 734; x_wconf 82' lang='lat' dir='ltr'>pelvim</span> <span class='ocrx_word' id='word_1_67' title='bbox 271 662 404 728; x_wconf 72' lang='lat' dir='ltr'>sategeritis,</span> <span class='ocrx_word' id='word_1_68' title='bbox 419 656 437 708; x_wconf 84' lang='lat' dir='ltr'><strong>fi</strong></span> <span class='ocrx_word' id='word_1_69' title='bbox 453 659 505 723; x_wconf 90' lang='lat' dir='ltr'>quis</span> <span class='ocrx_word' id='word_1_70' title='bbox 516 656 595 710; x_wconf 86' lang='lat' dir='ltr'>adhuc</span> <span class='ocrx_word' id='word_1_71' title='bbox 603 659 709 724; x_wconf 90' lang='lat' dir='ltr'>reliquus</span> <span class='ocrx_word' id='word_1_72' title='bbox 723 657 801 709; x_wconf 81' lang='lat' dir='ltr'>luerit.</span> 
     </span>
    </p>
   </div>
   <div class='ocr_carea' id='block_1_4' title="bbox 78 748 989 890">
    <p class='ocr_par' dir='ltr' id='par_1_4' title="bbox 78 748 989 890">
     <span class='ocr_line' id='line_1_9' title="bbox 143 748 989 827; baseline -0.013 -16"><span class='ocrx_word' id='word_1_73' title='bbox 143 771 165 827; x_wconf 55' lang='grc' dir='ltr'>ᾗ,</span> <span class='ocrx_word' id='word_1_74' title='bbox 180 777 230 824; x_wconf 80' lang='lat'><em>371.</em></span> <span class='ocrx_word' id='word_1_75' title='bbox 247 762 372 812; x_wconf 82' lang='lat' dir='ltr'>Alterum:</span> <span class='ocrx_word' id='word_1_76' title='bbox 392 762 460 806; x_wconf 80' lang='lat' dir='ltr'><em>Exuet</em></span> <span class='ocrx_word' id='word_1_77' title='bbox 470 760 531 821; x_wconf 83' lang='lat' dir='ltr'>vestes</span> <span class='ocrx_word' id='word_1_78' title='bbox 541 758 618 815; x_wconf 83' lang='lat' dir='ltr'>lineas,</span> <span class='ocrx_word' id='word_1_79' title='bbox 636 774 688 820; x_wconf 75' lang='lat' dir='ltr'>qeins</span> <span class='ocrx_word' id='word_1_80' title='bbox 697 758 807 812; x_wconf 80' lang='lat' dir='ltr'>induerat,</span> <span class='ocrx_word' id='word_1_81' title='bbox 822 748 906 819; x_wconf 72' lang='lat' dir='ltr'>qtrando</span> <span class='ocrx_word' id='word_1_82' title='bbox 918 757 989 801; x_wconf 74' lang='lat' dir='ltr'>iterra-</span> 
     </span>
     <span class='ocr_line' id='line_1_10' title="bbox 78 818 985 890; baseline -0.013 -10"><span class='ocrx_word' id='word_1_83' title='bbox 78 844 138 880; x_wconf 81' lang='lat' dir='ltr'>verar</span> <span class='ocrx_word' id='word_1_84' title='bbox 150 837 173 879; x_wconf 80' lang='lat' dir='ltr'>ia</span> <span class='ocrx_word' id='word_1_85' title='bbox 183 830 275 890; x_wconf 66' lang='lat' dir='ltr'>drittun</span> <span class='ocrx_word' id='word_1_86' title='bbox 291 825 349 872; x_wconf 79' lang='lat' dir='ltr'>illud.</span> <span class='ocrx_word' id='word_1_87' title='bbox 391 820 431 872; x_wconf 88' lang='lat' dir='ltr'>De</span> <span class='ocrx_word' id='word_1_88' title='bbox 442 822 477 872; x_wconf 82' lang='lat' dir='ltr'>his</span> <span class='ocrx_word' id='word_1_89' title='bbox 492 824 561 874; x_wconf 86' lang='lat' dir='ltr'>lineis</span> <span class='ocrx_word' id='word_1_90' title='bbox 573 822 676 874; x_wconf 88' lang='lat' dir='ltr'>vellibus</span> <span class='ocrx_word' id='word_1_91' title='bbox 692 822 787 887; x_wconf 83' lang='lat' dir='ltr'>prolixe</span> <span class='ocrx_word' id='word_1_92' title='bbox 800 820 868 884; x_wconf 87' lang='lat' dir='ltr'>supra</span> <span class='ocrx_word' id='word_1_93' title='bbox 884 818 913 870; x_wconf 87' lang='lat' dir='ltr'>ad</span> <span class='ocrx_word' id='word_1_94' title='bbox 929 834 949 868; x_wconf 91' lang='lat' dir='ltr'>v.</span> <span class='ocrx_word' id='word_1_95' title='bbox 963 832 985 880; x_wconf 78' lang='lat'>4,</span> 
     </span>
    </p>
   </div>
   <div class='ocr_carea' id='block_1_5' title="bbox 30 885 987 1667">
    <p class='ocr_par' dir='ltr' id='par_1_5' title="bbox 30 885 987 1667">
     <span class='ocr_line' id='line_1_11' title="bbox 78 885 987 953; baseline 0.002 -21"><span class='ocrx_word' id='word_1_96' title='bbox 78 912 96 945; x_wconf 65' lang='lat' dir='ltr'>a,</span> <span class='ocrx_word' id='word_1_97' title='bbox 113 890 133 951; x_wconf 58' lang='grc' dir='ltr'>ς,</span> <span class='ocrx_word' id='word_1_98' title='bbox 142 904 177 953; x_wconf 68' lang='lat'>45</span> <span class='ocrx_word' id='word_1_99' title='bbox 190 923 200 932; x_wconf 95' lang='lat'><em>.</em></span> <span class='ocrx_word' id='word_1_100' title='bbox 212 899 249 947; x_wconf 82' lang='lat'>69.</span> <span class='ocrx_word' id='word_1_101' title='bbox 267 886 349 951; x_wconf 80' lang='lat' dir='ltr'>scripsi.</span> <span class='ocrx_word' id='word_1_102' title='bbox 369 885 437 938; x_wconf 82' lang='lat' dir='ltr'>Clare</span> <span class='ocrx_word' id='word_1_103' title='bbox 450 887 507 940; x_wconf 86' lang='lat' dir='ltr'>hinc</span> <span class='ocrx_word' id='word_1_104' title='bbox 520 890 613 940; x_wconf 88' lang='lat' dir='ltr'>conllat</span> <span class='ocrx_word' id='word_1_105' title='bbox 622 886 765 938; x_wconf 84' lang='lat' dir='ltr'>Pontificem</span> <span class='ocrx_word' id='word_1_106' title='bbox 784 888 858 937; x_wconf 85' lang='lat' dir='ltr'>velles</span> <span class='ocrx_word' id='word_1_107' title='bbox 873 886 914 935; x_wconf 88' lang='lat' dir='ltr'>has</span> <span class='ocrx_word' id='word_1_108' title='bbox 931 893 987 934; x_wconf 91' lang='lat' dir='ltr'>toto</span> 
     </span>
     <span class='ocr_line' id='line_1_12' title="bbox 78 950 987 1021; baseline -0.011 -13"><span class='ocrx_word' id='word_1_109' title='bbox 78 955 225 1021; x_wconf 84' lang='lat' dir='ltr'>Expiationis</span> <span class='ocrx_word' id='word_1_110' title='bbox 239 952 285 1003; x_wconf 89' lang='lat' dir='ltr'>Die</span> <span class='ocrx_word' id='word_1_111' title='bbox 296 952 359 1003; x_wconf 87' lang='lat' dir='ltr'>hand</span> <span class='ocrx_word' id='word_1_112' title='bbox 376 950 489 1017; x_wconf 84' lang='lat' dir='ltr'>gestasse,</span> <span class='ocrx_word' id='word_1_113' title='bbox 505 954 570 1004; x_wconf 89' lang='lat' dir='ltr'>cons.</span> <span class='ocrx_word' id='word_1_114' title='bbox 584 970 605 1005; x_wconf 87' lang='lat' dir='ltr'>v.</span> <span class='ocrx_word' id='word_1_115' title='bbox 617 965 655 1014; x_wconf 84' lang='lat'>24.</span> <span class='ocrx_word' id='word_1_116' title='bbox 677 953 737 1004; x_wconf 87' lang='lat' dir='ltr'>Usus</span> <span class='ocrx_word' id='word_1_117' title='bbox 749 967 832 1003; x_wconf 87' lang='lat' dir='ltr'>earum</span> <span class='ocrx_word' id='word_1_118' title='bbox 847 960 896 1000; x_wconf 85' lang='lat' dir='ltr'>erat</span> <span class='ocrx_word' id='word_1_119' title='bbox 910 950 987 999; x_wconf 87' lang='lat' dir='ltr'>rellri-</span> 
     </span>
     <span class='ocr_line' id='line_1_13' title="bbox 77 1014 986 1082; baseline -0.008 -11"><span class='ocrx_word' id='word_1_120' title='bbox 77 1021 126 1071; x_wconf 77' lang='lat' dir='ltr'>tres</span> <span class='ocrx_word' id='word_1_121' title='bbox 143 1020 171 1069; x_wconf 82' lang='lat' dir='ltr'>ad</span> <span class='ocrx_word' id='word_1_122' title='bbox 187 1019 312 1068; x_wconf 86' lang='lat' dir='ltr'>introitum</span> <span class='ocrx_word' id='word_1_123' title='bbox 327 1020 350 1068; x_wconf 92' lang='lat' dir='ltr'>in</span> <span class='ocrx_word' id='word_1_124' title='bbox 357 1018 452 1078; x_wconf 73' lang='lat' dir='ltr'>sentiunt</span> <span class='ocrx_word' id='word_1_125' title='bbox 467 1020 538 1077; x_wconf 80' lang='lat' dir='ltr'>illud,</span> <span class='ocrx_word' id='word_1_126' title='bbox 557 1027 584 1070; x_wconf 87' lang='lat' dir='ltr'>ut</span> <span class='ocrx_word' id='word_1_127' title='bbox 594 1018 707 1076; x_wconf 87' lang='lat' dir='ltr'>videtur,</span> <span class='ocrx_word' id='word_1_128' title='bbox 729 1016 798 1082; x_wconf 89' lang='lat' dir='ltr'>quod</span> <span class='ocrx_word' id='word_1_129' title='bbox 819 1015 873 1067; x_wconf 86' lang='lat' dir='ltr'>alias</span> <span class='ocrx_word' id='word_1_130' title='bbox 883 1014 986 1077; x_wconf 74' lang='lat' dir='ltr'>firrztiffl-</span> 
     </span>
     <span class='ocr_line' id='line_1_14' title="bbox 76 1079 985 1149; baseline -0.001 -19"><span class='ocrx_word' id='word_1_131' title='bbox 76 1101 132 1131; x_wconf 78' lang='lat' dir='ltr'>erinna</span> <span class='ocrx_word' id='word_1_132' title='bbox 146 1084 232 1133; x_wconf 92' lang='lat' dir='ltr'>dicitur</span> <span class='ocrx_word' id='word_1_133' title='bbox 246 1098 266 1133; x_wconf 83' lang='lat' dir='ltr'>v.</span> <span class='ocrx_word' id='word_1_134' title='bbox 282 1090 318 1134; x_wconf 78' lang='lat'>16.</span> <span class='ocrx_word' id='word_1_135' title='bbox 338 1082 496 1135; x_wconf 87' lang='lat' dir='ltr'>Gellabantur</span> <span class='ocrx_word' id='word_1_136' title='bbox 507 1084 605 1149; x_wconf 79' lang='lat' dir='ltr'>quiden]</span> <span class='ocrx_word' id='word_1_137' title='bbox 617 1087 686 1135; x_wconf 85' lang='lat' dir='ltr'>etiam</span> <span class='ocrx_word' id='word_1_138' title='bbox 699 1083 712 1135; x_wconf 77' lang='lat' dir='ltr'>a</span> <span class='ocrx_word' id='word_1_139' title='bbox 723 1081 841 1134; x_wconf 86' lang='lat' dir='ltr'>Pontifice</span> <span class='ocrx_word' id='word_1_140' title='bbox 853 1085 878 1132; x_wconf 92' lang='lat' dir='ltr'>in</span> <span class='ocrx_word' id='word_1_141' title='bbox 888 1082 949 1131; x_wconf 89' lang='lat' dir='ltr'>atrio</span> <span class='ocrx_word' id='word_1_142' title='bbox 960 1079 985 1130; x_wconf 75' lang='lat' dir='ltr'>dc</span> 
     </span>
     <span class='ocr_line' id='line_1_15' title="bbox 75 1145 984 1215; baseline -0.003 -17"><span class='ocrx_word' id='word_1_143' title='bbox 75 1147 168 1205; x_wconf 76' lang='lat' dir='ltr'>sentiri,</span> <span class='ocrx_word' id='word_1_144' title='bbox 185 1147 223 1197; x_wconf 89' lang='lat' dir='ltr'>sed</span> <span class='ocrx_word' id='word_1_145' title='bbox 236 1147 329 1198; x_wconf 85' lang='lat' dir='ltr'>nonntfi</span> <span class='ocrx_word' id='word_1_146' title='bbox 344 1158 464 1215; x_wconf 84' lang='lat' dir='ltr'>occupato</span> <span class='ocrx_word' id='word_1_147' title='bbox 483 1151 545 1201; x_wconf 87' lang='lat' dir='ltr'>circa</span> <span class='ocrx_word' id='word_1_148' title='bbox 561 1148 636 1208; x_wconf 81' lang='lat' dir='ltr'>sacra,</span> <span class='ocrx_word' id='word_1_149' title='bbox 656 1164 763 1214; x_wconf 86' lang='lat' dir='ltr'>quorum</span> <span class='ocrx_word' id='word_1_150' title='bbox 777 1147 871 1208; x_wconf 71' lang='lat' dir='ltr'>sangnis</span> <span class='ocrx_word' id='word_1_151' title='bbox 886 1148 910 1195; x_wconf 93' lang='lat' dir='ltr'>in</span> <span class='ocrx_word' id='word_1_152' title='bbox 926 1145 984 1210; x_wconf 78' lang='lat' dir='ltr'>ady-</span> 
     </span>
     <span class='ocr_line' id='line_1_16' title="bbox 30 1211 984 1277; baseline -0.004 -14"><span class='ocrx_word' id='word_1_153' title='bbox 30 1253 36 1270; x_wconf 65' lang='grc'>,</span> <span class='ocrx_word' id='word_1_154' title='bbox 76 1212 278 1263; x_wconf 86' lang='lat' dir='ltr'>turninserendus</span> <span class='ocrx_word' id='word_1_155' title='bbox 293 1223 357 1271; x_wconf 85' lang='lat' dir='ltr'>eret,</span> <span class='ocrx_word' id='word_1_156' title='bbox 375 1230 425 1264; x_wconf 93' lang='lat' dir='ltr'>non</span> <span class='ocrx_word' id='word_1_157' title='bbox 438 1229 495 1264; x_wconf 88' lang='lat' dir='ltr'>vero</span> <span class='ocrx_word' id='word_1_158' title='bbox 508 1216 551 1265; x_wconf 87' lang='lat' dir='ltr'>alia</span> <span class='ocrx_word' id='word_1_159' title='bbox 564 1216 711 1265; x_wconf 86' lang='lat' dir='ltr'>corurnunia.</span> <span class='ocrx_word' id='word_1_160' title='bbox 754 1214 805 1277; x_wconf 90' lang='lat' dir='ltr'>lpse</span> <span class='ocrx_word' id='word_1_161' title='bbox 816 1211 930 1263; x_wconf 84' lang='lat' dir='ltr'>Pontifex</span> <span class='ocrx_word' id='word_1_162' title='bbox 944 1226 984 1260; x_wconf 86' lang='lat' dir='ltr'>ve-</span> 
     </span>
     <span class='ocr_line' id='line_1_17' title="bbox 76 1275 981 1342; baseline -0.002 -15"><span class='ocrx_word' id='word_1_163' title='bbox 76 1278 228 1329; x_wconf 76' lang='lat' dir='ltr'>straexuerat</span> <span class='ocrx_word' id='word_1_164' title='bbox 247 1283 259 1339; x_wconf 68' lang='grc' dir='ltr'>ζ</span> <span class='ocrx_word' id='word_1_165' title='bbox 272 1278 335 1328; x_wconf 78' lang='lat' dir='ltr'>cons.</span> <span class='ocrx_word' id='word_1_166' title='bbox 351 1278 406 1329; x_wconf 91' lang='lat' dir='ltr'>Lev.</span> <span class='ocrx_word' id='word_1_167' title='bbox 420 1279 460 1328; x_wconf 87' lang='lat' dir='ltr'>Vl.</span> <span class='ocrx_word' id='word_1_168' title='bbox 476 1285 521 1342; x_wconf 83' lang='lat'>4.)</span> <span class='ocrx_word' id='word_1_169' title='bbox 540 1281 652 1331; x_wconf 45' lang='lat' dir='ltr'>castitatis*</span> <span class='ocrx_word' id='word_1_170' title='bbox 662 1277 785 1330; x_wconf 79' lang='lat' dir='ltr'>studiosus.</span> <span class='ocrx_word' id='word_1_171' title='bbox 830 1275 911 1328; x_wconf 89' lang='lat' dir='ltr'>Locus</span> <span class='ocrx_word' id='word_1_172' title='bbox 923 1291 981 1326; x_wconf 90' lang='lat' dir='ltr'>exu-</span> 
     </span>
     <span class='ocr_line' id='line_1_18' title="bbox 75 1341 983 1409; baseline -0.002 -17"><span class='ocrx_word' id='word_1_173' title='bbox 75 1342 131 1392; x_wconf 89' lang='lat' dir='ltr'>endi</span> <span class='ocrx_word' id='word_1_174' title='bbox 144 1359 194 1393; x_wconf 90' lang='lat' dir='ltr'>non</span> <span class='ocrx_word' id='word_1_175' title='bbox 204 1344 356 1407; x_wconf 84' lang='lat' dir='ltr'>exprimitur,</span> <span class='ocrx_word' id='word_1_176' title='bbox 377 1343 437 1393; x_wconf 92' lang='lat' dir='ltr'>liber</span> <span class='ocrx_word' id='word_1_177' title='bbox 453 1344 570 1409; x_wconf 84' lang='lat' dir='ltr'>adeoque.</span> <span class='ocrx_word' id='word_1_178' title='bbox 619 1344 777 1395; x_wconf 87' lang='lat' dir='ltr'>Probabiliter</span> <span class='ocrx_word' id='word_1_179' title='bbox 790 1342 924 1392; x_wconf 87' lang='lat' dir='ltr'>ordinarius</span> <span class='ocrx_word' id='word_1_180' title='bbox 941 1341 983 1400; x_wconf 82' lang='lat' dir='ltr'>ali·</span> 
     </span>
     <span class='ocr_line' id='line_1_19' title="bbox 75 1406 984 1474; baseline -0.002 -18"><span class='ocrx_word' id='word_1_181' title='bbox 75 1410 128 1471; x_wconf 79' lang='lat' dir='ltr'>quis</span> <span class='ocrx_word' id='word_1_182' title='bbox 141 1417 189 1458; x_wconf 88' lang='lat' dir='ltr'>erat</span> <span class='ocrx_word' id='word_1_183' title='bbox 203 1406 318 1456; x_wconf 88' lang='lat' dir='ltr'>induendi</span> <span class='ocrx_word' id='word_1_184' title='bbox 335 1410 357 1458; x_wconf 81' lang='lat' dir='ltr'>dc</span> <span class='ocrx_word' id='word_1_185' title='bbox 377 1407 498 1464; x_wconf 84' lang='lat' dir='ltr'>exuendi,</span> <span class='ocrx_word' id='word_1_186' title='bbox 522 1408 573 1474; x_wconf 89' lang='lat' dir='ltr'>ipso</span> <span class='ocrx_word' id='word_1_187' title='bbox 587 1410 634 1473; x_wconf 77' lang='lat' dir='ltr'>Jnnr</span> <span class='ocrx_word' id='word_1_188' title='bbox 649 1408 817 1459; x_wconf 84' lang='lat' dir='ltr'>Tabernaculo</span> <span class='ocrx_word' id='word_1_189' title='bbox 835 1408 928 1462; x_wconf 75' lang='lat' dir='ltr'>statere,</span> <span class='ocrx_word' id='word_1_190' title='bbox 948 1406 984 1455; x_wconf 89' lang='lat' dir='ltr'>di-</span> 
     </span>
     <span class='ocr_line' id='line_1_20' title="bbox 74 1472 984 1524; baseline 0.001 -4"><span class='ocrx_word' id='word_1_191' title='bbox 74 1472 168 1522; x_wconf 74' lang='lat' dir='ltr'>stinslus</span> <span class='ocrx_word' id='word_1_192' title='bbox 184 1473 207 1520; x_wconf 70' lang='grc' dir='ltr'>ἃ</span> <span class='ocrx_word' id='word_1_193' title='bbox 223 1472 329 1521; x_wconf 72' lang='lat' dir='ltr'>obtectus</span> <span class='ocrx_word' id='word_1_194' title='bbox 342 1474 370 1522; x_wconf 85' lang='lat' dir='ltr'>ab</span> <span class='ocrx_word' id='word_1_195' title='bbox 386 1472 461 1523; x_wconf 88' lang='lat' dir='ltr'>oculis</span> <span class='ocrx_word' id='word_1_196' title='bbox 478 1473 573 1524; x_wconf 75' lang='lat' dir='ltr'>israelis,</span> <span class='ocrx_word' id='word_1_197' title='bbox 620 1473 778 1523; x_wconf 87' lang='lat' dir='ltr'>Sacerdoturn</span> <span class='ocrx_word' id='word_1_198' title='bbox 790 1481 838 1524; x_wconf 86' lang='lat' dir='ltr'>erat</span> <span class='ocrx_word' id='word_1_199' title='bbox 853 1473 984 1522; x_wconf 80' lang='lat' dir='ltr'>castitatem</span> 
     </span>
     <span class='ocr_line' id='line_1_21' title="bbox 74 1534 985 1604; baseline 0 -18"><span class='ocrx_word' id='word_1_200' title='bbox 74 1537 135 1586; x_wconf 84' lang='lat' dir='ltr'>tueri</span> <span class='ocrx_word' id='word_1_201' title='bbox 149 1535 223 1586; x_wconf 85' lang='lat' dir='ltr'>Exod.</span> <span class='ocrx_word' id='word_1_202' title='bbox 241 1534 360 1587; x_wconf 83' lang='lat' dir='ltr'>XXVlll.</span> <span class='ocrx_word' id='word_1_203' title='bbox 378 1551 416 1598; x_wconf 75' lang='lat' dir='ltr'>aa.</span> <span class='ocrx_word' id='word_1_204' title='bbox 450 1537 568 1601; x_wconf 83' lang='lat' dir='ltr'>praetenso</span> <span class='ocrx_word' id='word_1_205' title='bbox 582 1538 739 1604; x_wconf 76' lang='lat' dir='ltr'>probabiliter</span> <span class='ocrx_word' id='word_1_206' title='bbox 755 1539 810 1588; x_wconf 88' lang='lat' dir='ltr'>velo</span> <span class='ocrx_word' id='word_1_207' title='bbox 827 1574 834 1594; x_wconf 89' lang='lat'>‚</span> <span class='ocrx_word' id='word_1_208' title='bbox 854 1536 924 1603; x_wconf 84' lang='lat' dir='ltr'>quale</span> <span class='ocrx_word' id='word_1_209' title='bbox 942 1535 985 1586; x_wconf 87' lang='lat' dir='ltr'>sub</span> 
     </span>
     <span class='ocr_line' id='line_1_22' title="bbox 73 1599 986 1667; baseline -0.001 -17"><span class='ocrx_word' id='word_1_210' title='bbox 73 1599 178 1664; x_wconf 82' lang='lat' dir='ltr'>Templo</span> <span class='ocrx_word' id='word_1_211' title='bbox 193 1600 222 1651; x_wconf 90' lang='lat' dir='ltr'>ll.</span> <span class='ocrx_word' id='word_1_212' title='bbox 237 1610 290 1652; x_wconf 80' lang='lat' dir='ltr'>erat.</span> <span class='ocrx_word' id='word_1_213' title='bbox 313 1606 347 1652; x_wconf 85' lang='lat' dir='ltr'>Tr.</span> <span class='ocrx_word' id='word_1_214' title='bbox 362 1609 424 1666; x_wconf 64' lang='lat' dir='ltr'>,latren</span> <span class='ocrx_word' id='word_1_215' title='bbox 440 1602 467 1654; x_wconf 87' lang='lat' dir='ltr'>C.</span> <span class='ocrx_word' id='word_1_216' title='bbox 483 1602 524 1655; x_wconf 90' lang='lat' dir='ltr'>lll.</span> <span class='ocrx_word' id='word_1_217' title='bbox 542 1611 564 1653; x_wconf 83' lang='lat'>6.</span> <span class='ocrx_word' id='word_1_218' title='bbox 592 1605 664 1657; x_wconf 78' lang='lat' dir='ltr'>Veserm</span> <span class='ocrx_word' id='word_1_219' title='bbox 681 1603 782 1667; x_wconf 76' lang='lat' dir='ltr'>bpffirctnn</span> <span class='ocrx_word' id='word_1_220' title='bbox 802 1616 848 1654; x_wconf 80' lang='lat' dir='ltr'>erar</span> <span class='ocrx_word' id='word_1_221' title='bbox 865 1608 986 1652; x_wconf 69' lang='lat' dir='ltr'>intremui</span> 
     </span>
    </p>
   </div>
   <div class='ocr_carea' id='block_1_6' title="bbox 73 1666 225 1730">
    <p class='ocr_par' dir='ltr' id='par_1_6' title="bbox 73 1666 225 1730">
     <span class='ocr_line' id='line_1_23' title="bbox 73 1666 225 1730; baseline 0 -15"><span class='ocrx_word' id='word_1_222' title='bbox 73 1666 103 1724; x_wconf 56' lang='grc' dir='ltr'>ἓξ</span> <span class='ocrx_word' id='word_1_223' title='bbox 116 1667 225 1730; x_wconf 75' lang='lat' dir='ltr'>popellum.</span> 
     </span>
    </p>
   </div>
   <div class='ocr_carea' id='block_1_7' title="bbox 18 1764 987 2749">
    <p class='ocr_par' dir='ltr' id='par_1_7' title="bbox 18 1764 987 2749">
     <span class='ocr_line' id='line_1_24' title="bbox 137 1764 982 1830; baseline 0.001 -17"><span class='ocrx_word' id='word_1_224' title='bbox 137 1764 157 1822; x_wconf 82' lang='lat'>§.</span> <span class='ocrx_word' id='word_1_225' title='bbox 177 1777 221 1824; x_wconf 79' lang='lat'>372</span> <span class='ocrx_word' id='word_1_226' title='bbox 245 1764 307 1816; x_wconf 83' lang='lat' dir='ltr'>Cunr</span> <span class='ocrx_word' id='word_1_227' title='bbox 323 1765 371 1817; x_wconf 92' lang='lat' dir='ltr'>boc</span> <span class='ocrx_word' id='word_1_228' title='bbox 385 1765 469 1817; x_wconf 86' lang='lat' dir='ltr'>officio</span> <span class='ocrx_word' id='word_1_229' title='bbox 484 1766 641 1830; x_wconf 75' lang='lat' dir='ltr'>&#39;conjuntlunr</span> <span class='ocrx_word' id='word_1_230' title='bbox 654 1767 706 1818; x_wconf 87' lang='lat' dir='ltr'>eit:</span> <span class='ocrx_word' id='word_1_231' title='bbox 734 1772 760 1814; x_wconf 79' lang='lat' dir='ltr'>Ea</span> <span class='ocrx_word' id='word_1_232' title='bbox 776 1767 881 1826; x_wconf 71' lang='lat' dir='ltr'>relinquet</span> <span class='ocrx_word' id='word_1_233' title='bbox 897 1784 931 1814; x_wconf 78' lang='lat' dir='ltr'>eas</span> <span class='ocrx_word' id='word_1_234' title='bbox 946 1764 982 1815; x_wconf 77' lang='lat' dir='ltr'>ibi.</span> 
     </span>
     <span class='ocr_line' id='line_1_25' title="bbox 72 1827 983 1897; baseline 0.002 -19"><span class='ocrx_word' id='word_1_235' title='bbox 72 1827 131 1878; x_wconf 84' lang='lat' dir='ltr'>Vox</span> <span class='ocrx_word' id='word_1_236' title='bbox 144 1841 198 1881; x_wconf 75' lang='lat' dir='ltr'>tuln</span> <span class='ocrx_word' id='word_1_237' title='bbox 211 1830 290 1895; x_wconf 87' lang='lat' dir='ltr'>plures</span> <span class='ocrx_word' id='word_1_238' title='bbox 305 1831 377 1881; x_wconf 88' lang='lat' dir='ltr'>habet</span> <span class='ocrx_word' id='word_1_239' title='bbox 395 1832 505 1897; x_wconf 81' lang='lat' dir='ltr'>speciales</span> <span class='ocrx_word' id='word_1_240' title='bbox 520 1832 669 1896; x_wconf 73' lang='lat' dir='ltr'>fignificatna</span> <span class='ocrx_word' id='word_1_241' title='bbox 720 1831 910 1882; x_wconf 81' lang='lat' dir='ltr'>Circunrliantiae</span> <span class='ocrx_word' id='word_1_242' title='bbox 925 1845 983 1880; x_wconf 83' lang='lat' dir='ltr'>vero</span> 
     </span>
     <span class='ocr_line' id='line_1_26' title="bbox 72 1894 983 1962; baseline -0.001 -18"><span class='ocrx_word' id='word_1_243' title='bbox 72 1894 121 1944; x_wconf 91' lang='lat' dir='ltr'>hoc</span> <span class='ocrx_word' id='word_1_244' title='bbox 134 1895 190 1947; x_wconf 88' lang='lat' dir='ltr'>loco</span> <span class='ocrx_word' id='word_1_245' title='bbox 203 1897 233 1945; x_wconf 87' lang='lat' dir='ltr'>ita</span> <span class='ocrx_word' id='word_1_246' title='bbox 247 1896 268 1945; x_wconf 90' lang='lat' dir='ltr'>se</span> <span class='ocrx_word' id='word_1_247' title='bbox 288 1896 391 1952; x_wconf 84' lang='lat' dir='ltr'>babent,</span> <span class='ocrx_word' id='word_1_248' title='bbox 404 1908 430 1948; x_wconf 91' lang='lat' dir='ltr'>ut</span> <span class='ocrx_word' id='word_1_249' title='bbox 444 1897 599 1948; x_wconf 86' lang='lat' dir='ltr'>connnodior</span> <span class='ocrx_word' id='word_1_250' title='bbox 615 1913 665 1946; x_wconf 92' lang='lat' dir='ltr'>non</span> <span class='ocrx_word' id='word_1_251' title='bbox 681 1898 751 1947; x_wconf 90' lang='lat' dir='ltr'>detur</span> <span class='ocrx_word' id='word_1_252' title='bbox 766 1898 851 1954; x_wconf 89' lang='lat' dir='ltr'>notio,</span> <span class='ocrx_word' id='word_1_253' title='bbox 865 1912 937 1962; x_wconf 85' lang='lat' dir='ltr'>quarn</span> <span class='ocrx_word' id='word_1_254' title='bbox 948 1914 983 1944; x_wconf 81' lang='lat' dir='ltr'>ee-</span> 
     </span>
     <span class='ocr_line' id='line_1_27' title="bbox 72 1960 982 2027; baseline 0.002 -19"><span class='ocrx_word' id='word_1_255' title='bbox 72 1962 183 2021; x_wconf 79' lang='lat' dir='ltr'>linqnendi.</span> <span class='ocrx_word' id='word_1_256' title='bbox 233 1960 302 2010; x_wconf 88' lang='lat' dir='ltr'>Unde</span> <span class='ocrx_word' id='word_1_257' title='bbox 319 1973 420 2017; x_wconf 80' lang='lat' dir='ltr'>veteres,</span> <span class='ocrx_word' id='word_1_258' title='bbox 439 1964 633 2027; x_wconf 86' lang='lat' dir='ltr'>recentioresque</span> <span class='ocrx_word' id='word_1_259' title='bbox 653 1963 794 2027; x_wconf 83' lang='lat' dir='ltr'>interpretes</span> <span class='ocrx_word' id='word_1_260' title='bbox 806 1963 830 2010; x_wconf 89' lang='lat' dir='ltr'>in</span> <span class='ocrx_word' id='word_1_261' title='bbox 846 1979 871 2011; x_wconf 86' lang='lat' dir='ltr'>ea</span> <span class='ocrx_word' id='word_1_262' title='bbox 891 1977 982 2011; x_wconf 88' lang='lat' dir='ltr'>conve·</span> 
     </span>
     <span class='ocr_line' id='line_1_28' title="bbox 72 2024 981 2091; baseline 0.002 -17"><span class='ocrx_word' id='word_1_263' title='bbox 72 2026 147 2074; x_wconf 81' lang='lat' dir='ltr'>niunt.</span> <span class='ocrx_word' id='word_1_264' title='bbox 199 2024 319 2076; x_wconf 88' lang='lat' dir='ltr'>Convenit</span> <span class='ocrx_word' id='word_1_265' title='bbox 336 2042 435 2091; x_wconf 87' lang='lat' dir='ltr'>quoque</span> <span class='ocrx_word' id='word_1_266' title='bbox 456 2027 604 2091; x_wconf 79' lang='lat' dir='ltr'>quandoque</span> <span class='ocrx_word' id='word_1_267' title='bbox 625 2042 681 2076; x_wconf 78' lang='lat' dir='ltr'>cunr</span> <span class='ocrx_word' id='word_1_268' title='bbox 699 2028 764 2084; x_wconf 84' lang='lat' dir='ltr'>usu,</span> <span class='ocrx_word' id='word_1_269' title='bbox 787 2026 861 2076; x_wconf 85' lang='lat' dir='ltr'>veluti</span> <span class='ocrx_word' id='word_1_270' title='bbox 883 2042 902 2074; x_wconf 84' lang='lat' dir='ltr'>r.</span> <span class='ocrx_word' id='word_1_271' title='bbox 918 2025 981 2091; x_wconf 83' lang='lat' dir='ltr'>Reg.</span> 
     </span>
     <span class='ocr_line' id='line_1_29' title="bbox 71 2089 987 2156; baseline 0.004 -17"><span class='ocrx_word' id='word_1_272' title='bbox 71 2089 136 2140; x_wconf 14' lang='lat' dir='ltr'>Villa</span> <span class='ocrx_word' id='word_1_273' title='bbox 152 2106 172 2152; x_wconf 82' lang='lat'>9.</span> <span class='ocrx_word' id='word_1_274' title='bbox 198 2097 221 2142; x_wconf 83' lang='lat' dir='ltr'>ln</span> <span class='ocrx_word' id='word_1_275' title='bbox 231 2110 279 2138; x_wconf 79' lang='lat' dir='ltr'>arca</span> <span class='ocrx_word' id='word_1_276' title='bbox 293 2110 334 2139; x_wconf 87' lang='lat' dir='ltr'>nnn</span> <span class='ocrx_word' id='word_1_277' title='bbox 345 2105 419 2152; x_wconf 82' lang='lat' dir='ltr'>erant,</span> <span class='ocrx_word' id='word_1_278' title='bbox 433 2094 471 2153; x_wconf 78' lang='lat' dir='ltr'>nifi</span> <span class='ocrx_word' id='word_1_279' title='bbox 483 2094 527 2141; x_wconf 76' lang='lat' dir='ltr'>dara</span> <span class='ocrx_word' id='word_1_280' title='bbox 543 2093 618 2141; x_wconf 69' lang='lat' dir='ltr'>talaria</span> <span class='ocrx_word' id='word_1_281' title='bbox 631 2093 726 2154; x_wconf 79' lang='lat' dir='ltr'>lapidea,</span> <span class='ocrx_word' id='word_1_282' title='bbox 742 2112 794 2156; x_wconf 75' lang='lat' dir='ltr'>qnae</span> <span class='ocrx_word' id='word_1_283' title='bbox 807 2093 874 2151; x_wconf 72' lang='lat' dir='ltr'>Moses</span> <span class='ocrx_word' id='word_1_284' title='bbox 888 2093 917 2140; x_wconf 79' lang='lat' dir='ltr'>ili</span> <span class='ocrx_word' id='word_1_285' title='bbox 936 2102 987 2143; x_wconf 46' lang='grc' dir='ltr'>ΓῙΞΠι</span> 
     </span>
     <span class='ocr_line' id='line_1_30' title="bbox 71 2155 983 2220; baseline 0.003 -16"><span class='ocrx_word' id='word_1_286' title='bbox 71 2156 167 2218; x_wconf 79' lang='lat' dir='ltr'>reliquit,</span> <span class='ocrx_word' id='word_1_287' title='bbox 186 2155 307 2220; x_wconf 79' lang='lat' dir='ltr'>deposuit,</span> <span class='ocrx_word' id='word_1_288' title='bbox 328 2159 389 2207; x_wconf 90' lang='lat' dir='ltr'>utin</span> <span class='ocrx_word' id='word_1_289' title='bbox 405 2166 573 2208; x_wconf 79' lang='lat' dir='ltr'>comanerent.</span> <span class='ocrx_word' id='word_1_290' title='bbox 609 2156 638 2208; x_wconf 87' lang='lat' dir='ltr'>Et</span> <span class='ocrx_word' id='word_1_291' title='bbox 650 2157 724 2208; x_wconf 83' lang='lat' dir='ltr'>Nunr.</span> <span class='ocrx_word' id='word_1_292' title='bbox 739 2158 820 2210; x_wconf 76' lang='lat' dir='ltr'>&gt;trit</span> <span class='ocrx_word' id='word_1_293' title='bbox 836 2172 873 2208; x_wconf 83' lang='lat'>22.</span> <span class='ocrx_word' id='word_1_294' title='bbox 894 2169 939 2209; x_wconf 75' lang='lat' dir='ltr'>nin</span> <span class='ocrx_word' id='word_1_295' title='bbox 952 2161 983 2220; x_wconf 56' lang='grc' dir='ltr'>ἓξ</span> 
     </span>
     <span class='ocr_line' id='line_1_31' title="bbox 71 2221 981 2286; baseline 0.009 -16"><span class='ocrx_word' id='word_1_296' title='bbox 71 2221 156 2283; x_wconf 78' lang='lat' dir='ltr'>reliquit</span> <span class='ocrx_word' id='word_1_297' title='bbox 170 2224 237 2281; x_wconf 76' lang='lat' dir='ltr'>Moses</span> <span class='ocrx_word' id='word_1_298' title='bbox 255 2229 336 2285; x_wconf 64' lang='lat' dir='ltr'>eriugena</span> <span class='ocrx_word' id='word_1_299' title='bbox 353 2240 422 2271; x_wconf 80' lang='lat' dir='ltr'>curant</span> <span class='ocrx_word' id='word_1_300' title='bbox 436 2224 493 2286; x_wconf 73' lang='lat' dir='ltr'>fane</span> <span class='ocrx_word' id='word_1_301' title='bbox 506 2223 595 2286; x_wconf 69' lang='lat' dir='ltr'>jehova.</span> <span class='ocrx_word' id='word_1_302' title='bbox 654 2222 738 2275; x_wconf 75' lang='lat' dir='ltr'>bureae</span> <span class='ocrx_word' id='word_1_303' title='bbox 755 2225 828 2275; x_wconf 69' lang='lat' dir='ltr'>vestes</span> <span class='ocrx_word' id='word_1_304' title='bbox 843 2241 893 2274; x_wconf 86' lang='lat' dir='ltr'>non</span> <span class='ocrx_word' id='word_1_305' title='bbox 910 2228 981 2278; x_wconf 84' lang='lat' dir='ltr'>telin-</span> 
     </span>
     <span class='ocr_line' id='line_1_32' title="bbox 71 2286 981 2352; baseline 0.011 -18"><span class='ocrx_word' id='word_1_306' title='bbox 71 2288 207 2351; x_wconf 87' lang='lat' dir='ltr'>quebantur</span> <span class='ocrx_word' id='word_1_307' title='bbox 218 2286 265 2337; x_wconf 89' lang='lat' dir='ltr'>line</span> <span class='ocrx_word' id='word_1_308' title='bbox 281 2288 329 2346; x_wconf 79' lang='lat' dir='ltr'>risu,</span> <span class='ocrx_word' id='word_1_309' title='bbox 347 2289 436 2352; x_wconf 81' lang='lat' dir='ltr'>jugiter</span> <span class='ocrx_word' id='word_1_310' title='bbox 448 2289 617 2344; x_wconf 79' lang='lat' dir='ltr'>induebantur,</span> <span class='ocrx_word' id='word_1_311' title='bbox 631 2292 793 2347; x_wconf 79' lang='lat' dir='ltr'>exerebantur,</span> <span class='ocrx_word' id='word_1_312' title='bbox 806 2292 935 2343; x_wconf 83' lang='lat' dir='ltr'>ministerio</span> <span class='ocrx_word' id='word_1_313' title='bbox 947 2297 981 2346; x_wconf 84' lang='lat' dir='ltr'>in-</span> 
     </span>
     <span class='ocr_line' id='line_1_33' title="bbox 72 2352 982 2422; baseline 0.011 -21"><span class='ocrx_word' id='word_1_314' title='bbox 72 2352 175 2408; x_wconf 79' lang='lat' dir='ltr'>choato,</span> <span class='ocrx_word' id='word_1_315' title='bbox 195 2352 318 2416; x_wconf 84' lang='lat' dir='ltr'>finitoque.</span> <span class='ocrx_word' id='word_1_316' title='bbox 356 2356 383 2404; x_wconf 84' lang='lat' dir='ltr'>nr</span> <span class='ocrx_word' id='word_1_317' title='bbox 398 2354 465 2406; x_wconf 83' lang='lat' dir='ltr'>lineec</span> <span class='ocrx_word' id='word_1_318' title='bbox 481 2354 637 2421; x_wconf 72' lang='lat' dir='ltr'>seponenda,</span> <span class='ocrx_word' id='word_1_319' title='bbox 658 2371 701 2407; x_wconf 89' lang='lat' dir='ltr'>ceu</span> <span class='ocrx_word' id='word_1_320' title='bbox 715 2373 815 2422; x_wconf 84' lang='lat' dir='ltr'>quarum</span> <span class='ocrx_word' id='word_1_321' title='bbox 829 2356 899 2406; x_wconf 83' lang='lat' dir='ltr'>finito</span> <span class='ocrx_word' id='word_1_322' title='bbox 912 2362 982 2411; x_wconf 77' lang='lat' dir='ltr'>inini-</span> 
     </span>
     <span class='ocr_line' id='line_1_34' title="bbox 71 2417 980 2487; baseline 0.013 -21"><span class='ocrx_word' id='word_1_323' title='bbox 71 2417 141 2466; x_wconf 86' lang='lat' dir='ltr'>llerio</span> <span class='ocrx_word' id='word_1_324' title='bbox 158 2417 304 2478; x_wconf 85' lang='lat' dir='ltr'>Expiationis</span> <span class='ocrx_word' id='word_1_325' title='bbox 323 2419 402 2470; x_wconf 88' lang='lat' dir='ltr'>nullus</span> <span class='ocrx_word' id='word_1_326' title='bbox 420 2431 468 2471; x_wconf 86' lang='lat' dir='ltr'>etat</span> <span class='ocrx_word' id='word_1_327' title='bbox 489 2420 549 2471; x_wconf 83' lang='lat' dir='ltr'>usus,</span> <span class='ocrx_word' id='word_1_328' title='bbox 602 2421 714 2472; x_wconf 86' lang='lat' dir='ltr'>Pontifex</span> <span class='ocrx_word' id='word_1_329' title='bbox 733 2423 861 2473; x_wconf 85' lang='lat' dir='ltr'>solenniter</span> <span class='ocrx_word' id='word_1_330' title='bbox 880 2429 980 2487; x_wconf 76' lang='lat' dir='ltr'>gratiane</span> 
     </span>
     <span class='ocr_line' id='line_1_35' title="bbox 72 2483 979 2555; baseline 0.011 -23"><span class='ocrx_word' id='word_1_331' title='bbox 72 2497 178 2547; x_wconf 84' lang='lat' dir='ltr'>quaerens</span> <span class='ocrx_word' id='word_1_332' title='bbox 195 2483 316 2532; x_wconf 87' lang='lat' dir='ltr'>burniliter</span> <span class='ocrx_word' id='word_1_333' title='bbox 332 2485 426 2536; x_wconf 83' lang='lat' dir='ltr'>vellitus</span> <span class='ocrx_word' id='word_1_334' title='bbox 441 2503 451 2551; x_wconf 75' lang='lat'><em>3</em></span> <span class='ocrx_word' id='word_1_335' title='bbox 470 2486 550 2539; x_wconf 86' lang='lat' dir='ltr'>Postea</span> <span class='ocrx_word' id='word_1_336' title='bbox 565 2488 588 2536; x_wconf 86' lang='lat' dir='ltr'>in</span> <span class='ocrx_word' id='word_1_337' title='bbox 602 2486 685 2551; x_wconf 77' lang='lat' dir='ltr'>gloria.</span> <span class='ocrx_word' id='word_1_338' title='bbox 709 2487 882 2555; x_wconf 84' lang='lat' dir='ltr'>Relinquendae</span> <span class='ocrx_word' id='word_1_339' title='bbox 896 2492 979 2542; x_wconf 86' lang='lat' dir='ltr'>dicun-</span> 
     </span>
     <span class='ocr_line' id='line_1_36' title="bbox 72 2549 980 2617; baseline 0.013 -21"><span class='ocrx_word' id='word_1_340' title='bbox 72 2556 111 2597; x_wconf 90' lang='lat' dir='ltr'>tur</span> <span class='ocrx_word' id='word_1_341' title='bbox 125 2558 178 2599; x_wconf 61' lang='grc' dir='ltr'>ΠΨ</span> <span class='ocrx_word' id='word_1_342' title='bbox 194 2549 235 2602; x_wconf 81' lang='lat' dir='ltr'>ibi,</span> <span class='ocrx_word' id='word_1_343' title='bbox 254 2550 294 2598; x_wconf 91' lang='lat' dir='ltr'>ubi</span> <span class='ocrx_word' id='word_1_344' title='bbox 306 2550 505 2615; x_wconf 76' lang='lat' dir='ltr'>deponebantur,</span> <span class='ocrx_word' id='word_1_345' title='bbox 519 2552 628 2617; x_wconf 89' lang='lat' dir='ltr'>adeoque</span> <span class='ocrx_word' id='word_1_346' title='bbox 642 2553 665 2602; x_wconf 97' lang='lat' dir='ltr'>in</span> <span class='ocrx_word' id='word_1_347' title='bbox 678 2555 739 2605; x_wconf 87' lang='lat' dir='ltr'>atrio</span> <span class='ocrx_word' id='word_1_348' title='bbox 753 2555 925 2612; x_wconf 86' lang='lat' dir='ltr'>Sacerdotunr‚</span> <span class='ocrx_word' id='word_1_349' title='bbox 943 2558 980 2608; x_wconf 87' lang='lat' dir='ltr'>vel</span> 
     </span>
     <span class='ocr_line' id='line_1_37' title="bbox 72 2613 979 2678; baseline 0.015 -17"><span class='ocrx_word' id='word_1_350' title='bbox 72 2613 201 2664; x_wconf 82' lang='lat' dir='ltr'>conrnroda</span> <span class='ocrx_word' id='word_1_351' title='bbox 217 2615 266 2677; x_wconf 85' lang='lat' dir='ltr'>ejus</span> <span class='ocrx_word' id='word_1_352' title='bbox 280 2625 352 2678; x_wconf 87' lang='lat' dir='ltr'>parte.</span> <span class='ocrx_word' id='word_1_353' title='bbox 410 2617 482 2669; x_wconf 89' lang='lat' dir='ltr'>Haud</span> <span class='ocrx_word' id='word_1_354' title='bbox 498 2618 678 2677; x_wconf 87' lang='lat' dir='ltr'>conveniebat,</span> <span class='ocrx_word' id='word_1_355' title='bbox 696 2629 723 2670; x_wconf 90' lang='lat' dir='ltr'>ut</span> <span class='ocrx_word' id='word_1_356' title='bbox 739 2621 762 2670; x_wconf 94' lang='lat' dir='ltr'>in</span> <span class='ocrx_word' id='word_1_357' title='bbox 780 2620 836 2669; x_wconf 91' lang='lat' dir='ltr'>loco</span> <span class='ocrx_word' id='word_1_358' title='bbox 853 2624 979 2675; x_wconf 86' lang='lat' dir='ltr'>communi</span> 
     </span>
     <span class='ocr_line' id='line_1_38' title="bbox 18 2674 909 2749; baseline 0.011 -24"><span class='ocrx_word' id='word_1_359' title='bbox 18 2738 20 2742; x_wconf 14' lang='grc' dir='ltr'><em>Α</em></span> <span class='ocrx_word' id='word_1_360' title='bbox 69 2674 233 2743; x_wconf 82' lang='lat' dir='ltr'>servarentur3</span> <span class='ocrx_word' id='word_1_361' title='bbox 249 2678 295 2733; x_wconf 91' lang='lat' dir='ltr'>Vel</span> <span class='ocrx_word' id='word_1_362' title='bbox 309 2679 458 2749; x_wconf 81' lang='lat' dir='ltr'>superstitio,</span> <span class='ocrx_word' id='word_1_363' title='bbox 473 2685 511 2734; x_wconf 83' lang='lat' dir='ltr'>nel</span> <span class='ocrx_word' id='word_1_364' title='bbox 521 2683 609 2736; x_wconf 86' lang='lat' dir='ltr'>malitia</span> <span class='ocrx_word' id='word_1_365' title='bbox 621 2682 676 2737; x_wconf 85' lang='lat' dir='ltr'>alias</span> <span class='ocrx_word' id='word_1_366' title='bbox 688 2688 817 2741; x_wconf 84' lang='lat' dir='ltr'>metuenda</span> <span class='ocrx_word' id='word_1_367' title='bbox 825 2686 909 2740; x_wconf 84' lang='lat' dir='ltr'>suisset.</span> 
     </span>
    </p>
   </div>
   <div class='ocr_carea' id='block_1_8' title="bbox 463 2747 978 2818">
    <p class='ocr_par' dir='ltr' id='par_1_8' title="bbox 463 2747 978 2818">
     <span class='ocr_line' id='line_1_39' title="bbox 463 2747 978 2818; baseline -0.006 0"><span class='ocrx_word' id='word_1_368' title='bbox 463 2747 518 2802; x_wconf 82' lang='lat'>00</span> <span class='ocrx_word' id='word_1_369' title='bbox 536 2763 551 2804; x_wconf 74' lang='lat'><em>2</em></span> <span class='ocrx_word' id='word_1_370' title='bbox 887 2751 909 2812; x_wconf 79' lang='lat' dir='ltr'>t·</span> <span class='ocrx_word' id='word_1_371' title='bbox 925 2766 978 2818; x_wconf 78' lang='lat' dir='ltr'>aaa.</span> 
     </span>
    </p>
   </div>
   <div class='ocr_carea' id='block_1_9' title="bbox 0 0 1154 3134">
    <p class='ocr_par' dir='ltr' id='par_1_9' title="bbox 0 0 1154 3134">
     <span class='ocr_line' id='line_1_40' title="bbox 0 0 1154 3134; baseline 0 4"><span class='ocrx_word' id='word_1_372' title='bbox 0 0 1154 3134; x_wconf 95' lang='lat' dir='ltr'> </span> 
     </span>
    </p>
   </div>
  </div>
 </body>
</html>
