2297 3134
126 252 181 308 402
257 303 258 306 Ἴ
481 224 684 286 Addiiuurutum

125 347 239 391 orationem
251 341 336 404 isloruru
346 352 456 401 corporum
467 351 528 386 rutra
539 341 616 403 rastra,
635 350 659 387 ut
668 341 762 403 figuram
774 337 889 402 passorum
901 341 950 403 Jefir
968 338 1040 405 Cirrisi

125 414 150 456 iu
160 426 229 464 cruce,
243 413 332 469 inquam
340 404 434 465 scissurus
439 406 486 467 fuit
500 416 561 452 rutra
573 417 656 465 portam
670 404 868 466 Hierosolymorum,
881 414 903 456 in
915 420 984 456 moute
993 408 1039 457 uai-

127 479 200 522 varia.
218 488 241 538 p.
255 485 293 532 74,
315 471 418 519 maxime
430 470 463 518 ob
478 468 560 518 iocum
573 467 645 519 Hebr.
658 468 724 519 Xlil.
740 483 775 518 11.
789 482 824 519 12.

193 571 214 629 §.
227 568 256 619 V.
275 566 396 619 Proferam
409 567 488 632 primo
501 576 661 632 argumenta,
678 582 731 632 qnae
747 582 803 618 cum
821 582 883 617 nora
899 566 943 618 hac
957 568 1038 634 hypo·
1062 594 1063 598 =

128 634 188 686 thesi
203 635 260 684 sture
274 641 414 699 nequeunt,
433 647 534 698 quaeque
548 632 609 682 huns
623 631 634 690 (
646 632 726 682 saitem
741 645 767 683 ut
782 648 830 696 ego
846 633 977 697 existimo)
996 634 1038 685 de-

83 719 85 722 ·
127 701 227 751 struunt.
262 695 327 748 Turn
341 696 493 763 respondebo
506 698 535 748 ud
547 699 693 762 objeitiones
708 698 905 764 &exceptiones

190 798 212 855 ἕ,
231 794 270 848 VI·
287 795 466 860 Argumentum
479 798 599 861 primum,
616 796 687 863 idque
701 797 817 861 generose.
862 801 942 845 Hiram
954 802 1040 846 mittea-

126 863 165 911 asur
175 864 204 910 aas
217 863 301 913 Auasel
311 868 334 910 iu
347 862 449 918 desertum
467 861 597 923 repraferrtat
614 861 715 924 Cbristmu
729 868 819 920 viuum,
838 866 944 925 expiatura
959 864 994 911 uel
1000 864 1039 926 ju-

118 931 247 993 stificatum,
263 927 356 974 libertati
366 929 489 987 restitutum.
507 923 532 975 E.
553 942 595 973 non
605 931 670 989 potest
687 929 829 990 reprasartare
837 928 972 975 traditionem
993 934 1041 976 Do-

125 998 177 1040 mini
188 997 210 1040 in
221 1007 294 1040 manus
306 991 479 1052 injusiiffimorum
492 989 598 1039 bominum
609 992 745 1054 judiciumque
756 999 793 1055 qui
808 993 910 1052 desertum
928 994 984 1041 illud
990 1010 1040 1041 rou-

117 1058 247 1121 stituebant‚
262 1062 284 1104 iu
300 1056 358 1119 quod
368 1061 470 1106 Servatur
483 1061 572 1119 optimus
587 1068 632 1103 erut
649 1058 769 1105 tradendus.
820 1063 930 1107 Contraria
944 1076 985 1106 uua
997 1075 1040 1106 uon

124 1122 238 1182 aorrfiliurr.
257 1120 364 1186 Oportet
373 1130 400 1171 ut
413 1122 540 1171 conveniat
551 1123 671 1186 antitypus
690 1137 747 1171 eum
758 1131 818 1186 typo
831 1124 855 1172 ds
864 1122 963 1186 persona
972 1123 1040 1188 depi-

126 1187 161 1238 ttu
173 1203 230 1239 cum
243 1187 337 1249 pistura.
374 1185 433 1236 Non
446 1184 536 1236 necesse
546 1184 590 1242 est,
608 1197 634 1236 ut
648 1188 749 1252 probem
763 1186 857 1237 hircum
876 1186 941 1236 hunc¹
953 1201 1038 1253 reprae·

125 1250 222 1303 sentisse
235 1252 368 1309 Christum,
380 1266 425 1302 ceu
439 1251 507 1317 quod
519 1250 556 1302 Cl.
573 1250 662 1302 Austor
675 1267 772 1302 mecum
791 1249 890 1302 firmiter
901 1252 986 1302 statuit.

192 1349 214 1412 ἕ,
226 1348 280 1401 Vis.
290 1347 444 1401 Probandum
455 1347 513 1400 mihi
526 1365 592 1400 nune
602 1349 732 1415 specialiter
741 1349 859 1400 incumbit
868 1348 961 1400 hircum
972 1349 1039 1401 hunc
1116 1399 1117 1402 ,

125 1414 291 1481 repraesentare
310 1414 499 1478 Cbrissmaviauar.
551 1414 670 1466 Notunter
685 1417 748 1465 enim
764 1417 831 1465 tertia
848 1416 899 1464 vice
912 1415 1000 1465 dieitur
1014 1426 1040 1466 ’n

125 1488 196 1530 vivers.
228 1478 263 1530 EX
274 1479 398 1537 sortitione
409 1479 487 1530 divina
500 1485 563 1529 vivus
573 1481 670 1544 fistrudus
683 1499 752 1530 coram
758 1482 815 1544 facie
827 1485 874 1529 Dei.
893 1479 949 1530 Lev.
963 1478 1012 1531 XV
1021 1479 1038 1536 s,

130 1560 165 1594 ro.
180 1559 218 1594 uo.
231 1558 269 1593 21.
289 1545 425 1600 Hircuosus,
441 1544 556 1594 vibrabit.
592 1546 673 1605 Quare
687 1561 743 1594 vero
756 1547 822 1593 vivus
842 1545 962 1594 vocatur?
984 1544 1040 1594 Sine

128 1611 204 1659 dubio
220 1607 330 1672 opposite
345 1608 374 1657 ud
389 1617 513 1658 mortuum
528 1608 538 1656 ‘i
556 1607 701 1659 Commode.
727 1607 795 1658 Prior
810 1608 888 1657 hircus
900 1609 964 1657 enim
979 1607 1040 1659 sorte

128 1675 209 1724 divina
226 1673 254 1723 ad
270 1683 375 1722 mortem
391 1672 518 1722 destinatus
533 1687 553 1722 v.
569 1688 590 1731 9.
610 1674 634 1721 in
647 1672 798 1738 sequentibus
816 1674 868 1722 adiu
882 1672 994 1723 musterus
1012 1671 1041 1722 s1-

128 1740 202 1789 stitur.
246 1735 276 1785 Vi
287 1736 447 1802 oppositionis
459 1752 518 1801 ergo
530 1739 648 1802 posterior
667 1748 711 1789 ’nn
730 1743 793 1785 vivus
807 1738 841 1785 ille
858 1737 887 1786 ad
908 1738 980 1787 vitam
997 1752 1040 1803 per

126 1804 214 1854 sortem
227 1800 362 1852 destinatus.
394 1800 418 1851 Si
429 1816 486 1852 reto
501 1802 629 1853 tradendus
641 1804 665 1852 in
682 1803 797 1864 judicium
814 1801 844 1851 ud
856 1807 968 1857 mortem
985 1802 1040 1853 nnl-

125 1869 148 1919 ia
158 1869 218 1918 ratio
231 1865 344 1917 Nominis
356 1867 456 1916 vivariis
465 1905 470 1916 ,
495 1867 536 1917 'nt
548 1867 588 1917 hic
599 1883 627 1917 ex
643 1883 705 1919 nove
721 1865 847 1934 hypothesi
861 1864 1039 1919 interficiendus

126 1931 211 1986 suisset.
231 1948 252 1982 r.
273 1930 514 1998 quoqueinExegesr
529 1932 550 1990 §-
567 1941 618 1984 126.
639 1947 691 1993 311.

193 2032 215 2089 ὃ.
234 2029 305 2079 Vill.
325 2028 388 2081 Dein
402 2030 501 2094 Christum
510 2037 615 2095 expiamur
627 2030 664 2081 vel
672 2033 811 2097 jzfiqscaturr.
829 2029 928 2081 Constet
940 2047 969 2080 ex
977 2029 1035 2082 Lev.

127 2095 199 2149 XVI.
217 2110 252 2143 10.
296 2093 382 2145 Hirtus
396 2094 558 2161 (posterior)
572 2103 634 2145 uivus
652 2100 788 2160 corstituatur
802 2114 872 2145 coram
883 2099 940 2159 faria
956 2095 1038 2158 Jubovu
1099 2144 1100 2147 ,

129 2166 178 2226 pbr
198 2161 262 2219 *mab
282 2168 310 2215 ad
323 2169 448 2230 expiandam
459 2187 510 2219 rara.
547 2169 650 2231 Quem?
667 2169 738 2235 Juxta
752 2168 883 2230 subjettum
900 2167 1038 2218 immediate

127 2234 289 2288 antecedens,
304 2231 337 2281 est
352 2233 429 2282 hircus
444 2234 574 2285 mittendus
591 2235 620 2284 ad
633 2234 727 2284 Azanes.
762 2232 832 2283 Bene.
862 2232 955 2282 Etenim
970 2243 1038 2283 antea

127 2316 185 2351 cum
200 2299 274 2362 priori
285 2297 353 2346 hirco
367 2297 508 2347 constitutus
522 2308 569 2347 eret
579 2300 703 2361 sacrificium
717 2312 757 2360 pro
765 2310 848 2359 peccaro
861 2312 881 2345 r.
894 2314 913 2352 5.
928 2297 1038 2362 adeoque
1054 2353 1056 2355 ‚

127 2375 227 2430 peccota
243 2360 273 2410 ud
291 2361 520 2411 condemnationem
543 2364 564 2411 ei
581 2361 691 2426 imposita
709 2372 791 2418 erant,
818 2359 923 2425 essetque
941 2364 963 2412 ei
980 2365 1036 2414 ideo

127 2427 289 2481 moriendum.
324 2426 392 2477 Sorte
405 2442 463 2477 vero
480 2426 559 2476 divina
575 2442 625 2476 nor]
637 2427 761 2477 tenebatur
774 2428 836 2477 mori
847 2426 886 2476 sed
900 2429 944 2477 rita
955 2428 976 2478 ei
992 2428 1038 2479 do-

126 2496 235 2545 nabatur.
272 2490 343 2541 Unde
358 2502 382 2544 ’tr
403 2498 467 2541 uiam
483 2490 669 2542 constituendus,
704 2491 840 2553 Quomodo
859 2492 908 2543 hoc
927 2491 977 2543 fieri
992 2509 1038 2557 po-

126 2559 206 2611 terut?
224 2556 369 2609 Commode.
411 2557 475 2608 Num
498 2573 540 2623 per
553 2568 656 2606 mortem
674 2559 758 2622 prioris
776 2558 922 2623 expiabatur.
944 2556 969 2608 E.
988 2557 1038 2610 Re-

127 2625 252 2690 praesentat
263 2621 384 2672 Christum
395 2625 526 2687 expiatum,
541 2621 699 2684 justificatum.
718 2622 788 2674 Rom.
804 2622 848 2672 lV.
869 2637 905 2683 25.
936 2622 986 2688 lpse
998 2625 1035 2676 CI.

127 2691 217 2742 riuttor
231 2688 317 2739 sutetur
329 2687 423 2753 pbrusin
437 2689 497 2738 reste
510 2689 570 2737 verti
583 2689 611 2735 ai
628 2689 751 2751 expiaraimu
763 2692 822 2750 istum
837 2688 867 2746 Ed
877 2690 901 2736 asa
913 2689 967 2752 lJtro
978 2689 1036 2740 Cbri-

64 2777 66 2779 ·
118 2762 149 2819 sti
160 2758 200 2805 (lici
209 2752 276 2820 prrffir,
292 2753 350 2821 quod
357 2754 381 2816 ii>
393 2755 429 2805 ilio
446 2752 724 2820 rirersiarur‚brieipiraueriu
744 2770 764 2806 r.
783 2769 807 2822 p.
827 2760 865 2804 66.
884 2760 921 2814 67.
969 2753 1038 2872 Luget

953 2828 1037 2887 postis
