2297 3134
441 197 526 257 Levis.
539 192 618 255 XVI.
629 211 658 266 ..p
976 206 1015 262 95

105 314 129 365 id
142 313 185 365 hac
200 313 224 362 in
237 313 332 362 materia
347 325 445 377 quoque
461 308 574 373 experior
587 320 594 365 3
611 313 704 377 nomen
717 296 884 350 Rahbinornrta
897 313 972 373 penes,
986 300 1013 349 il·
1054 319 1056 323 ·

104 380 156 430 luna
178 376 335 428 inristssrmum
355 377 394 427 est.
445 372 489 430 Ea,
510 365 686 438 quaetlagrstrr
699 362 809 420 tradunt,
828 365 1013 423 traducrtsalsa,

105 445 230 509 inaniaque
241 441 286 493 else
304 440 384 507 pallam
396 438 495 496 clamat,
510 438 568 486 licet
581 439 719 505 accuratum
730 443 842 504 ¹enanaen
856 429 967 505 nondum
977 432 1013 481 in-

101 505 220 566 stituerit,
238 509 293 559 licet
307 508 377 557 etiarn
393 504 431 554 illa
443 518 495 552 non
509 511 557 552 tam
571 514 602 548 ex
613 495 781 567 traditipnrbua
790 530 797 548 ‚
807 509 887 569 'quana
902 494 1013 560 scriptura

105 574 151 640 ipsa
166 574 270 626 delianrta
284 569 333 621 sant.
387 567 507 623 Doslores
516 564 627 618 judaeos
639 567 733 611 ceulere
742 596 752 617 „
768 560 814 609 :ubr
828 557 950 610 censuram
963 576 1014 611 mea

511 581 588 682 sulum
602 641 689 678 eorum
702 640 797 677 nomen
812 626 862 676 aina
877 624 1012 678 ueritati-faa

104 652 199 695 teratur,
215 636 330 688 laudabile
341 632 392 694 est,
410 631 449 682 sed
463 630 495 681 ob

101 717 158 757 dere
169 702 295 770 pessrmaun
308 699 398 763 judico.

168 815 191 874 d.
205 822 248 863 aa:
261 810 346 865 Certe,
365 803 555 875 quisolum'laoe
567 799 675 855 nostrum
692 810 767 868 caput
777 810 867 869 attente
876 800 939 867 legit
949 816 1014 854 ¹¹can-2

100 880 196 943 ⁴fertque
217 891 274 929 curn
291 873 380 938 reliqua
394 870 482 936 Lege,
506 869 574 920 facile
595 871 698 936 reperiet
719 870 830 920 vestitum
848 865 1014 934 pontificalem

103 943 149 992 diei
165 941 306 1008 expiationis
318 938 359 989 lV.
380 934 475 987 nonnisi
491 935 565 987 restes
572 931 725 1001 requisivisse.
743 959 744 962 ¹
772 932 840 984 Deus
854 934 923 983 enim
938 932 1014 983 illini

101 1008 196 1057 sterium
211 1005 313 1055 solennia
326 1002 396 1066 huius
413 1002 459 1051 diei
472 1000 622 1066 praescribens
640 1014 680 1056 ea,
698 1014 751 1063 que
767 998 801 1047 illi
821 999 920 1063 propria
933 998 956 1047 dr
969 1013 1014 1063 pe-

98 1071 196 1122 culiaria
213 1069 425 1134 sunt,praecipit:
445 1065 507 1127 Quae
523 1081 580 1115 vero
598 1080 653 1116 cuna
671 1063 721 1115 allis
740 1065 898 1122 communia,
918 1062 1013 1114 silentiu

98 1138 222 1202 praeterit,
243 1144 329 1200 utpote
343 1132 381 1183 illa
401 1147 432 1182 ex
445 1132 564 1196 prioribus
576 1129 670 1195 legibus
683 1128 735 1179 satis
748 1138 806 1179 nota
822 1138 895 1179 erant.
947 1126 1013 1179 Hinc

101 1201 160 1251 nihil
174 1202 204 1251 de
223 1198 334 1249 sacrificio
350 1197 462 1260 serioque
476 1195 547 1260 jugis
570 1194 638 1246 Nihil
654 1193 685 1245 de
696 1192 777 1244 suffitu
793 1193 922 1244 ordinario
975 1192 1012 1245 Ea

101 1266 196 1316 aduerso
212 1264 344 1315 sanctiones
358 1261 414 1311 huic
425 1260 558 1311 solennitati
574 1260 677 1325 propriae
695 1259 789 1323 plenius
801 1259 961 1315 recensentur,
975 1259 1011 1309 uti

103 1329 210 1386 sullirus,
228 1327 312 1393 sparfio
328 1326 446 1390 sanguinis
464 1327 488 1375 in
506 1325 590 1375 Sentio
602 1324 742 1376 Sanctorum
752 1324 800 1374 &e
836 1323 925 1374 Pariter
937 1324 960 1373 se
974 1339 1010 1375 ren

101 1395 171 1444 habet
181 1410 238 1445 cum
253 1394 349 1447 vellito,
369 1405 423 1438 nam
442 1391 497 1453 quia
519 1388 653 1440 ordinarius
668 1398 720 1439 tum
735 1391 852 1454 temporis
867 1405 918 1438 raon
935 1388 1012 1440 indn-

101 1461 190 1514 endus,
209 1456 333 1520 legislator
346 1455 432 1518 jubet5
453 1459 500 1502 Hoc
517 1454 576 1502 inodo
590 1453 677 1502 Alienon
690 1454 821 1517 ingredietur
833 1455 886 1502 illud
897 1454 993 1513 filardum
1004 1471 1014 1501 a
1045 1470 1048 1475 ·

103 1528 200 1570 Tunicam
217 1523 291 1569 liareanr
302 1521 384 1580 fiatrarn
399 1518 472 1567 induet
490 1519 534 1569 &o
555 1532 578 1583 q.
593 1516 615 1568 d.
656 1516 734 1579 Quod
750 1518 824 1568 vestes
839 1517 958 1569 Ahatottis
974 1519 1011 1568 in-

98 1587 181 1636 trantis
193 1586 335 1640 concernit,
353 1581 403 1640 hac,
421 1598 478 1649 quas
491 1581 623 1641 definiam,
642 1580 726 1634 abillo
741 1581 879 1634 induentur.
930 1582 1012 1648 tltque

98 1650 147 1700 hoc
159 1650 215 1700 inde
228 1658 304 1714 patet,
323 1649 377 1714 quia
392 1650 421 1698 ab
438 1663 468 1698 eo
491 1656 620 1713 tempore,
638 1662 688 1723 quo
709 1657 785 1698 certas
800 1648 875 1701 velles
899 1648 923 1698 in
940 1650 1012 1715 rebar

66 1750 67 1753 ,
99 1713 165 1766 sacris
186 1713 373 1780 administra-ndis
391 1712 489 1763 induere
512 1712 625 1764 Pontifex
644 1714 772 1777 iubebatur
793 1711 870 1763 Exod.
886 1711 1009 1764 XXVlll.

98 1779 156 1830 Lea.
171 1777 234 1830 Vlll.
253 1779 348 1830 vestitus
361 1793 411 1828 non
424 1778 482 1828 solet
499 1778 573 1843 repeti
589 1777 627 1829 vel
645 1777 675 1828 de
691 1793 758 1829 novo
771 1776 876 1829 describi.
922 1778 1010 1844 Neque

99 1847 169 1895 etiam
186 1843 338 1895 necessariam
353 1858 360 1905 3
378 1843 430 1895 Lex
447 1841 518 1894 semel
536 1843 588 1894 data
608 1843 771 1909 inposterum
790 1843 884 1910 semper
900 1842 1009 1908 obligat,

95 1908 141 1960 'nisa
158 1910 200 1961 alia
214 1909 331 1966 accedat,
368 1925 402 1960 aa
416 1910 523 1974 priorem
544 1908 581 1959 vel
596 1924 627 1960 ex
642 1916 708 1974 parte
725 1947 732 1967 ,
753 1907 790 1958 vel
804 1924 836 1959 ex
850 1919 905 1960 toto
920 1910 1009 1960 immu-

93 1983 138 2025 tet.
181 1973 245 2035 Quia
263 1983 342 2024 autem
379 1975 401 2024 ic
418 1973 514 2025 vestitus
534 1974 558 2024 de
578 1971 681 2023 diversus
699 1975 728 2023 ab
746 1973 869 2028 ordinario
887 1988 1009 2025 naemora·

99 2049 155 2095 tur,
173 2035 323 2088 certilfimum
341 2039 392 2095 est,
411 2039 573 2103 expiationem
595 2039 619 2087 in
636 2037 686 2088 aliis
705 2052 779 2105 quarn
794 2038 920 2088 ordinariis
936 2040 1007 2089 aesti-

98 2104 141 2153 bus
153 2102 239 2154 sesiam
251 2102 335 2160 fuisse,
354 2103 378 2153 de
394 2101 444 2153 lieri
459 2101 570 2153 debuisse.
620 2102 731 2168 lnsuper,
748 2118 801 2169 quae
818 2103 872 2154 esset
883 2106 961 2161 tutin,
979 2113 1008 2155 ut

100 2166 177 2219 tllol'ea
191 2168 245 2234 post
260 2183 453 2234 unamquamque
471 2168 557 2218 restem
571 2166 654 2218 diserte
668 2171 811 2225 materiam,
831 2184 884 2233 quae
896 2179 929 2219 a:
944 2180 1008 2220 certa

97 2234 140 2283 lini
155 2232 241 2299 species
256 2235 355 2292 dicitur,
374 2234 535 2299 exprimeret,
550 2231 592 2283 nifi
607 2233 733 2284 ostendere
748 2231 866 2291 voluisset,
882 2236 955 2285 relies
965 2236 1007 2285 lraa

96 2300 125 2350 ab
140 2299 264 2349 ordinariis
280 2299 412 2364 distingui,
427 2299 513 2364 partim
532 2297 575 2348 lini
589 2297 690 2365 specie,
709 2300 744 2350 uti
758 2300 783 2349 in
799 2301 899 2357 tunica,
920 2302 1007 2365 partim

97 2365 207 2421 materia,
226 2379 282 2415 nam
302 2363 414 2422 Balteus,
432 2379 483 2429 quo
502 2362 611 2429 quotidie
629 2364 650 2415 S.
666 2363 782 2415 Sacerdos
799 2366 956 2430 cingebatur,
975 2380 1007 2416 ex

96 2428 147 2479 lino
159 2431 183 2479 de
196 2428 248 2479 lana
259 2430 386 2481 constabat.
423 2430 537 2496 Alioquin
552 2428 676 2481 suffecisset
692 2440 840 2495 preceptum
855 2446 861 2479 ε
880 2431 955 2479 lardum
969 2450 1007 2480 ve-

89 2497 129 2553 stes
137 2493 199 2554 filas,
216 2496 267 2544 imo
282 2511 311 2545 ne
321 2495 380 2560 ⁴lanc
403 2495 501 2561 quidem
520 2510 620 2545 monere
636 2493 808 2552 necessarium,
831 2494 896 2561 quasi
907 2495 1005 2546 Abaton

97 2560 217 2624 ignoraret
235 2559 302 2609 sacris
323 2561 425 2611 vestibus
450 2562 474 2610 in
498 2561 627 2612 santiuario
644 2559 784 2612 versandum
805 2560 1004 2612 &laborandum

96 2622 147 2675 elle.
185 2623 246 2676 Dein
262 2640 334 2691 quare
351 2636 454 2691 quatuor
467 2635 576 2684 tantuna,
594 2641 644 2676 non
658 2640 743 2676 ornnes
758 2626 827 2683 osto,
851 2625 1003 2676 nominavit?

96 2687 182 2743 Procul
196 2689 288 2750 dubio,
305 2691 360 2758 quia
371 2701 475 2760 quatuor
484 2690 580 2745 nomaisr
592 2691 719 2743 induendae
734 2701 806 2743 erant.
844 2690 931 2743 Forsan
950 2689 1004 2740 reli-

951 2769 1005 2821 quat
