2297 3134
167 229 222 287 5oe
514 213 718 284 mmm,

234 327 257 385 ὃ.
273 322 322 377 ΙΧ.
341 323 439 375 Israelita
454 323 559 374 libamen
583 323 680 390 quidem
701 327 724 375 in
744 322 877 392 Templum
897 327 958 379 ferre
974 335 1075 394 poterat.

168 393 201 444 nt
211 392 349 458 apportatio
365 393 389 440 in
405 406 466 439 aram
485 391 510 439 dc
525 388 608 440 effusio
625 393 674 453 ejus
691 390 781 441 iunctio
797 391 948 444 sacerdotalis
968 394 1072 444 babetur.

168 457 199 509 Et
213 456 326 523 quidem,
342 465 439 506 notante
457 454 553 514 Misdim
569 470 596 504 ta.
613 467 664 506 tttttt
683 455 740 521 Cap.
752 456 781 506 ll.
796 471 816 515 3.
830 465 851 506 6.
864 471 886 516 7.
906 460 928 508 dc
942 457 1089 524 glollatori-¹

167 524 227 580 bus,
242 538 302 572 unus
311 520 438 576 Sacerdos,
457 522 526 585 isque
537 536 639 571 numero
652 537 743 577 nonus,
762 520 853 573 ferebat
864 522 1032 589 libamenagni
1040 524 1075 586 ju·

168 590 223 655 gis,
237 588 288 701 dubq
305 586 432 651 portabant
445 585 551 636 libamen
563 587 652 644 arietis,
671 594 717 636 tres
733 602 790 637 vero
807 588 904 651 juvenci
917 588 1017 657 publico
1032 605 1076 640 no-

169 657 262 705 mineo
289 652 327 701 ati.
499 664 501 668 ’
983 681 987 684 ·

235 751 256 808 S.
271 748 303 800 Χ.
323 748 435 800 Sacerdos
446 750 571 814 gregarius
581 749 695 800 libaturus
708 760 782 815 ponte
796 751 873 802 altaris
886 751 1022 809 conscenso,
1034 752 1076 803 lla-

169 818 214 867 tim
225 815 338 865 sinistram
358 816 454 879 petebat
471 815 482 873 (
494 814 518 864 id
533 815 599 880 quod
613 818 773 865 communiter
785 815 850 867 haud
864 817 951 867 fanum
965 823 976 880 )
995 817 1076 868 confe-

168 883 283 944 rebatque
297 879 318 929 le
339 881 367 930 ad
382 895 458 930 cornu
477 878 635 929 meridionale
647 912 654 920 -
667 881 815 931 occidentale
843 881 952 932 libationi
970 882 1075 939 lacrum,

169 962 201 996 ne
215 945 263 996 leil.
279 953 358 995 toturn
374 945 445 995 altare
461 945 589 995 circumire
605 960 632 995 ac
648 946 678 995 ita
695 947 777 996 virium
790 946 848 997 Deo
861 946 1025 998 consecratum
1038 948 1075 997 fu-

168 1027 212 1062 nro
223 1026 267 1061 arae
279 1010 377 1075 perdere
391 1009 495 1060 deberet.
526 1008 604 1065 >Erant
618 1025 675 1059 vero
686 1010 717 1060 ibi
731 1010 780 1061 duo
791 1011 869 1062 altaris
883 1013 1006 1070 loramina,
1015 1029 1076 1078 quo-

168 1092 224 1127 rum
238 1091 313 1126 nuum
327 1091 407 1140 aquae,
421 1074 523 1125 alterum
535 1077 593 1124 vino
604 1074 744 1126 destinatum
758 1086 814 1128 erat.
850 1075 1022 1129 Effundebatur
1031 1080 1077 1143 igi-

168 1152 208 1192 tur
218 1141 320 1191 libamen
335 1143 358 1190 iu
371 1140 473 1190 alterum
486 1141 535 1189 vini
551 1140 674 1198 foramen,
691 1140 896 1208 descendebatque
911 1142 970 1193 illud
987 1144 1011 1193 in
1025 1152 1076 1193 tor-

168 1217 261 1258 rentem
275 1204 369 1256 Kidron
382 1221 401 1254 v.
414 1214 442 1254 tr.
458 1216 543 1257 minat
557 1204 614 1270 Cap,
630 1204 668 1254 Vl.
686 1219 706 1255 a·
723 1219 734 1264 3

233 1309 256 1365 ᾗ.
272 1302 320 1354 ΧΙ.
338 1303 423 1354 Alia&
435 1301 567 1352 notabilior
583 1302 704 1354 Pontiticis
716 1303 798 1354 libatio
810 1312 867 1355 erat.
900 1304 1078 1358 Conscenderat

167 1372 187 1421 is
202 1371 226 1419 in
239 1370 355 1419 comitatu
364 1368 461 1433 Saganis
474 1384 537 1417 aram
552 1369 575 1417 de
591 1368 726 1419 circuibata
740 1385 817 1420 cornu
830 1370 1078 1423 meridionali-orien-

169 1436 225 1491 tali,
241 1435 298 1483 hinc
316 1434 345 1484 ad
359 1433 475 1483 orientale
487 1465 497 1474 -
512 1433 715 1497 septentrionale,
743 1450 818 1499 porro
835 1435 864 1485 ad
884 1435 1078 1500 septentrionale-

167 1498 339 1556 occidentale,
355 1499 450 1549 tandem
468 1498 496 1547 ad
515 1499 842 1550 occidentale·meridionale
864 1538 870 1556 ,
890 1504 930 1551 ubi
942 1502 983 1566 ipn
996 1504 1078 1552 viuum

169 1567 199 1616 ab
215 1566 262 1615 alio
273 1564 399 1613 Sacerdote
412 1565 424 1619 i
435 1580 465 1612 ne
478 1563 555 1619 illud,
571 1574 597 1613 ut
612 1566 658 1623 jam
670 1567 803 1622 monitum,
822 1566 892 1615 funin
905 1568 1017 1617 nonnihil
1026 1584 1080 1617 cor-

170 1633 340 1694 rumperetur)
357 1628 494 1690 porredlum
510 1637 565 1676 erat.
589 1628 654 1676 Tum
669 1628 742 1691 Sagan
755 1630 829 1677 stabat
841 1631 869 1676 ad
881 1645 965 1687 cornu,
974 1634 1080 1682 tenebat-

170 1711 218 1759 que
229 1708 302 1743 manu
317 1692 354 1741 lua
365 1691 474 1740 linteum.
509 1690 607 1741 Stabant
622 1693 692 1741 etiam
709 1692 757 1741 dno
777 1691 917 1743 Sacerdotes
931 1696 959 1744 ad
975 1695 1079 1746 mensam

170 1759 271 1824 adipum
286 1771 341 1806 cum
355 1755 445 1807 duabus
460 1755 524 1805 tubis
542 1757 659 1819 argenteis
674 1758 698 1805 in
714 1757 830 1807 inanibus,
883 1758 1034 1826 clangebant
1045 1761 1079 1811 illi

169 1826 275 1889 primum
291 1820 351 1872 luno
370 1819 465 1885 aequali,
482 1829 535 1885 tum
548 1819 621 1870 fratlo
633 1858 640 1877 ,
652 1820 732 1885 postea
747 1822 839 1872 rursum
856 1825 946 1889 aequali.
991 1825 1079 1876 Venie-

169 1892 228 1940 bant
244 1889 268 1937 dc
284 1887 373 1936 stabant
384 1885 446 1950 apud
461 1884 537 1934 lilium
548 1886 622 1941 Aria,
636 1902 739 1951 quorum
754 1902 816 1937 uirus
829 1888 958 1946 dextrum,v
976 1890 1034 1942 alter
1049 1892 1077 1944 st,-

168 1954 269 2005 nistrum
287 1953 398 2002 cinxerat.
434 1950 543 2011 Quando
558 1948 670 2001 Pontifex
685 1952 706 2000 ie
725 1952 888 2004 incurvaverat
903 1956 931 2005 ad
946 1956 1076 2015 libandum,

168 2020 247 2083 Sagan
260 2017 360 2067 linteum
375 2018 513 2080 agitaverat,
521 2013 583 2065 filius
596 2016 655 2066 rlrsae
667 2017 802 2082 cymbalum
819 2019 957 2082 pulsaverat,
975 2023 998 2070 dc
1009 2021 1079 2072 Levi-

169 2094 199 2135 tae
212 2085 321 2133 dixerant
336 2084 462 2131 canticum.
518 2080 542 2130 Si
559 2080 706 2132 absolverant
725 2081 837 2141 versum,
858 2084 944 2134 sonum
965 2087 1079 2137 dederant

170 2147 301 2214 aequalem,
317 2146 341 2196 dc
356 2146 460 2212 populus
476 2144 500 2196 se
515 2147 684 2197 incurvaverat.
737 2147 772 2197 ild
789 2164 985 2216 unamquamque
999 2152 1079 2202 settin-

171 2215 227 2264 nem
240 2213 316 2263 editus
335 2221 384 2262 erat
398 2211 500 2275 clangor
513 2210 625 2277 aqualis,
642 2213 664 2261 dc
679 2214 809 2277 uuicuique
827 2214 936 2278 clangori
950 2216 1080 2269 addebatur

171 2279 311 2329 incurvatio.
330 2296 351 2326 v.
369 2290 397 2325 ir.
413 2287 474 2328 arun
498 2274 556 2341 Cap⁴
573 2275 625 2326 Vll.
640 2291 659 2335 3.
679 2279 719 2327 ubi
730 2278 842 2328 additur:
871 2286 913 2328 Hic
925 2294 970 2328 erat
984 2282 1079 2346 fiterfficii

167 2347 224 2407 jugis
237 2343 288 2391 ordo
302 2342 372 2403 quoad
382 2344 525 2404 Ministerirnn
538 2347 618 2389 Domus
631 2347 671 2390 Dei
682 2346 748 2404 tamiri.
796 2349 829 2393 Sit
844 2344 927 2390 addenda
937 2351 978 2395 Dei
985 2384 992 2405 ‚
1006 2362 1030 2397 nt
1038 2355 1079 2398 cito

170 2410 280 2473 edificetur
292 2412 314 2455 in
327 2407 396 2455 diebus
406 2406 485 2454 nor'lris
494 2410 504 2453 ,l
519 2409 593 2453 Ainea.

236 2509 258 2566 ς.
273 2502 340 2555 Xll.
361 2504 402 2554 Uti
415 2504 457 2554 alia
469 2502 531 2554 sacra
542 2502 645 2553 interdiu
659 2502 754 2562 fiebant,
768 2503 800 2556 fic
813 2508 897 2558 vinnm
908 2524 1007 2575 qnoque
1020 2519 1079 2561 tem-

170 2587 232 2637 pore
249 2570 336 2620 diurno
349 2568 472 2619 libandum
489 2579 546 2619 erat.
564 2588 586 2619 v.
602 2574 678 2618 raiatia.
695 2570 719 2617 de
727 2571 833 2631 sacrificas
848 2573 907 2638 Cap.
924 2574 965 2626 IV.
981 2590 1000 2634 ς,
1044 2576 1080 2627 Ex

170 2636 307 2688 intentione
317 2634 457 2698 legislatoris
469 2672 475 2692 ,
494 2643 605 2699 utputo,
624 2634 698 2683 statim
711 2636 849 2690 addendum
865 2651 914 2693 erat
929 2640 1040 2692 sacrificio
1054 2643 1079 2692 cn

169 2703 250 2760 ferto,
265 2715 321 2751 cum
339 2715 388 2766 quo
406 2700 466 2751 illud
483 2698 640 2763 conitendum
654 2709 708 2751 erat.
1124 2738 1126 2741 ,
