2380 3134
397 159 645 218 PttAEFAvro
682 151 915 213 AsICTORs'S.

132 328 133 331 κ
209 308 285 363 pum,
308 291 377 346 Loca
392 289 515 365 parallela
528 283 704 346 attendendo,
724 281 902 345 conferendo,
923 300 951 340 ur
963 287 1043 346 Mens
1054 285 1111 359 Spi-

209 399 272 463 ritus
285 401 311 454 S.
331 399 462 474 loquentis
476 409 598 469 quantum
612 391 689 454 licet,
708 381 781 461 certo
795 405 892 463 pateat.

607 532 633 606 s.
654 535 706 594 vv.
753 609 757 615 ²

278 654 333 711 Nisr
354 654 445 717 failor,
459 653 537 725 Leges
551 653 577 706 dt
590 649 682 707 Media
702 667 826 707 accuratae
848 651 991 729 Exegeseos
1011 652 1111 710 solicite

209 763 363 827 observavi,
376 761 450 817 solius
461 756 587 815 Veritatis
598 754 740 815 scrutandae
757 759 875 834 cupidus.
931 762 1001 818 Cum
1022 763 1111 838 genui-

211 893 245 930 no
265 870 360 927 LEVI
378 868 411 923 ad
429 869 552 932 Patrem,
573 867 709 933 Matrem,
729 871 828 923 Fratres
842 867 897 922 dixi
920 886 929 938 3
968 868 1031 924 lisura
1049 871 1112 924 noui

209 996 264 1035 vos.
301 976 414 1049 Judaos,
430 974 614 1038 ChristianoS‚
634 974 680 1049 qui
698 975 748 1030 alia
766 973 834 1031 sacra
857 973 1013 1050 sequuntur,
1035 974 1111 1031 forri-

208 1088 254 1142 bus
265 1081 430 1157 Argumentis
448 1081 581 1137 instrudios
596 1081 698 1156 praetuli
714 1081 871 1139 Christianis
891 1083 934 1139 vel
952 1083 1111 1140 Resorroatis

208 1190 391 1266 Interpretibus
409 1189 504 1245 talibus
521 1190 692 1263 Argumentis
706 1188 863 1248 carentibus.
925 1191 1030 1247 Veritas
1044 1194 1111 1247 Exe-

207 1306 289 1377 getica
303 1297 397 1354 nuliam
413 1297 493 1354 babet
502 1295 672 1354 Personarum
682 1296 889 1370 Acceptionem,
902 1296 945 1354 sed
957 1297 1067 1372 Spiritds
1085 1302 1110 1355 S.

207 1425 304 1464 tanturn
321 1412 346 1461 in
359 1404 443 1462 Sacris
462 1404 597 1471 docentis,
618 1404 805 1479 precipientis,
817 1405 1008 1479 prophetantis.
1029 1406 1111 1480 Qud

205 1516 309 1586 alicujus
321 1514 455 1575 Momenti
470 1512 627 1572 videbatur,
644 1512 820 1569 inconcussum
841 1531 894 1567 non
910 1512 1026 1590 reliquis
1048 1534 1110 1571 cou—
1147 1543 1149 1546 v

206 1622 268 1680 strlui
285 1641 389 1697 quoque
409 1626 568 1679 exercitatos
586 1620 745 1695 Linguarum
762 1618 890 1676 sacrarum
904 1621 1067 1697 indagatores
1082 1627 1108 1679 de

205 1749 260 1807 quae
277 1730 397 1788 adferunt
413 1728 531 1804 pondera
543 1727 693 1785 Notionum
710 1728 854 1805 perpendi,
874 1733 901 1785 dt
921 1730 994 1806 quod
1013 1729 1109 1806 specie·
1167 1791 1169 1794 ,

206 1838 251 1894 tim
264 1853 347 1904 noto,
367 1838 529 1920 Qaessiones
549 1853 642 1912 graves
656 1841 682 1893 dr
696 1835 749 1894 fine
765 1836 860 1914 quibus
878 1837 969 1894 Sensus
983 1838 1109 1912 Mysticus

205 1945 335 2019 perhiberi
351 1946 458 2022 nequit,
479 1964 537 2002 cum
552 1962 613 2003 cura
630 1942 777 2020 proposui,
797 1931 948 2002 memoravi
960 1945 1109 2018 dissentien-

205 2066 244 2108 tes
264 2071 321 2109 eum
340 2053 495 2113 Rationibus
518 2071 567 2128 pro
587 2057 614 2109 δι
639 2067 746 2118 contra,
762 2071 792 2109 ac
810 2054 917 2109 tandem
939 2060 1004 2123 apios
1024 2073 1109 2110 meam

206 2159 266 2224 tuli,
286 2176 313 2215 ut
325 2162 444 2218 Lestores
461 2161 565 2219 facilius
579 2162 684 2233 {assessu
699 2159 844 2232 subjiciant.
895 2164 934 2219 Ex
949 2162 1043 2238 quibus
1056 2181 1109 2218 me-

206 2266 270 2324 mini
282 2265 448 2343 sequentium.
486 2268 601 2344 Qaestio
619 2267 782 2327 momentosa
802 2269 864 2331 est:
885 2270 931 2326 Aa
945 2266 1054 2327 Abaton
1063 2266 1109 2344 ,so-

204 2371 306 2431 iratriiev
329 2376 486 2448 expiaturus,
497 2440 500 2448 ι
502 2375 626 2452 speciatim
644 2378 670 2435 in
686 2375 831 2450 dindiffimo
844 2374 976 2455 pesseverii
995 2378 1046 2435 osio
1064 2369 1125 2435 tre-'⁴'

196 2478 249 2554 stes
266 2479 380 2537 aureas?
409 2484 455 2540 An
470 2484 530 2541 verb
546 2489 654 2559 quatuor
669 2487 764 2555 lineas,
784 2486 883 2544 vilioris
896 2489 980 2558 pretii.
1047 2489 1108 2545 Mo-

203 2585 346 2649 mentosam
361 2594 434 2653 voco
445 2593 629 2669 Qeiiionem,
672 2597 744 2658 Nam
761 2595 796 2657 ab
816 2614 848 2657 ea
866 2596 999 2674 dependet
1010 2596 1108 2672 Myse-2

1038 2722 1107 2765 trum
