2380 3134
208 191 497 283 'JrnAEFArro
535 197 775 276 aucronru

50 355 116 430 finni
127 356 223 411 munere
237 354 262 411 r'n
271 350 380 426 seculum
394 368 404 422 ‚-
431 348 466 405 Er
477 343 598 422 quomodo
612 347 641 401 ln
654 346 691 425 uis
705 363 714 401 .·
734 343 855 419 Oponue
867 342 963 403 errollu-

56 465 79 519 ri
85 462 162 532 filium
172 463 283 520 numnis.
301 460 361 534 Joh.
377 459 434 515 XII.
448 466 490 519 34.
522 452 603 530 Qafi
616 451 730 520 diceret,
742 452 798 510 Lex
810 454 911 510 nonnisi
922 455 962 513 lo·

56 577 143 647 quitur
160 572 193 628 de
212 568 325 643 glorioso
339 564 448 622 Christo
466 582 521 619 non
533 555 629 619 misero
645 561 783 619 morituro.
840 561 961 618 Mirum!

57 680 101 753 qui
118 670 213 733 lrostes‘
224 671 412 748 sapientissimis
428 668 551 745 responfis
570 669 741 737 confuderat,
761 668 796 729 ad
815 669 883 728 hanc
896 667 963 727 diffi-

56 787 178 842 cultatem
206 781 271 836 nihil
299 778 485 854 respondebat.
543 779 660 848 Quare?
679 778 790 854 Judico,
807 778 881 855 quod
898 780 964 836 Tur·

56 891 115 945 bam
132 886 294 963 responfione
307 888 444 962 indignam
460 887 591 945 habuerit.
643 888 714 943 Nam
725 885 771 944 ubi
788 888 844 943 Lex
859 886 914 962 agit
929 885 964 942 de

56 996 149 1052 Gloria
162 995 275 1060 coristi,
295 996 451 1071 plerumque
464 995 542 1053 eriam
559 988 615 1070 agir
628 994 661 1051 de
675 993 834 1051 Paffionibus
850 998 876 1051 &
891 997 965 1050 Mor-

56 1119 81 1158 te
99 1108 160 1175 ejus.
198 1102 268 1160 Vide
288 1119 388 1164 tanturn
404 1101 440 1162 Pl.
456 1104 530 1161 VIII.
547 1107 574 1160 6.
594 1103 673 1162 XXII.
700 1103 758 1160 CX.
780 1103 895 1161 CXVIII
919 1109 962 1160 22„

55 1208 96 1268 El.
108 1212 163 1268 Lu.
180 1220 219 1274 13.
238 1221 279 1273 14·
301 1211 370 1269 LIII.
416 1214 506 1283 Quare
522 1210 630 1285 Judieio
646 1210 843 1268 Excoecationis
860 1207 964 1284 Judaeo-

25 1333 27 1338 ·
56 1336 113 1374 rum
127 1318 185 1387 (de
199 1338 249 1394 qua
264 1319 350 1392 capite
362 1318 406 1376 cit.
416 1318 523 1391 plura)
544 1315 680 1384 adscribo,
699 1320 772 1393 quod
787 1317 870 1375 hodie
889 1336 964 1374 coeca

56 1444 118 1499 gens
131 1425 163 1480 de
176 1426 309 1501 llntitypo
323 1424 439 1480 Aaronis
452 1424 543 1485 Meffia
556 1424 624 1480 nihil
639 1431 779 1502 qumquam
790 1424 861 1482 sciat.
895 1427 963 1501 §ra-

56 1530 182 1588 ullsrmum
201 1531 252 1590 hoc
269 1531 421 1606 Judiciuml
443 1531 555 1589 Ecclesia
569 1531 692 1605 judaica,
711 1551 768 1609 quae
787 1534 854 1591 ohm
871 1533 899 1589 ln
916 1534 966 1589 Lu-

57 1644 127 1696 mine
144 1639 297 1706 incesserat,
318 1646 458 1698 veritatem
476 1640 544 1697 hanc
566 1638 705 1715 perlpexin
764 1642 897 1698 Novimus
913 1640 966 1697 hoc

56 1765 111 1804 non
130 1747 213 1804 solum
233 1767 265 1804 ex
288 1746 388 1821 seriptis
407 1747 487 1805 Mofis
506 1752 533 1806 δι
548 1749 750 1823 Prophetarum,
766 1747 810 1806 sed
826 1754 873 1816 br,
891 1748 966 1824 quod

58 1855 141 1928 probe
153 1854 314 1921 notandum,
333 1875 364 1911 ex
380 1856 519 1913 ruderibus
528 1854 616 1930 prisca
629 1855 692 1914 fidei
712 1863 738 1913 in
750 1855 888 1921 Menam,
909 1875 967 1932 quae

58 1962 142 2035 plures
166 1959 266 2019 diffieiIi
288 1962 381 2020 labore
400 1962 538 2022 scrutando
553 1966 736 2030 invenerunt,
760 1964 875 2023 maxime
887 1961 965 2023 Chri·

58 2069 123 2125 stlan
136 2065 276 2143 &miram
293 2068 547 2141 inluminabitur
565 2071 641 2144 jesus
651 2072 706 2136 uer
720 2071 827 2143 mulne
837 2072 896 2142 {Me
923 2088 967 2138 as,

59 2189 119 2241 aur
136 2177 190 2240 ber
215 2175 300 2240 alten
325 2176 390 2239 uno
412 2178 515 2240 minan
538 2167 687 2252 libamen
710 2179 840 2253 raeologi‘e
860 2180 969 2261 aarum

59 2281 145 2356 than
180 2283 535 2359 Liberhiclipfiaeprodib
555 2286 637 2343 Anno
657 2294 734 2358 r.748
757 2289 836 2346 Leiiu
855 2286 968 2362 dignillr-

60 2409 130 2447 nrum
144 2390 235 2466 Caput
247 2393 282 2450 IL
296 2393 396 2449 I...VII
408 2394 534 2459 bonhem
548 2393 679 2468 [brubno
682 2395 726 2468 reli
728 2394 866 2469 ilmina!

61 2497 133 2556 Meis
126 2518 164 2565 a:
177 2517 230 2574 quo
243 2519 275 2556 eu
288 2499 403 2576 antiquis
416 2501 590 2559 Hebraeorum
605 2506 784 2560 Monumenris
798 2504 893 2578 probat
904 2502 970 2560 Mel-

61 2605 122 2664 fiam
135 2604 151 2664 a
163 2606 296 2665 veteribus
313 2608 432 2666 habitum
448 2609 521 2667 fuiffe
533 2610 704 2675 Pontificem,
725 2612 798 2670 srmul
815 2616 946 2670 villimara
960 2651 970 2678 ,

61 2714 240 2786 liberatorem,
253 2718 305 2790 eius
319 2717 503 2779 liberationem
515 2719 565 2775 elle
585 2735 724 2789 aternam,
744 2721 805 2778 loco
819 2720 906 2778 nostro
919 2762 926 2787 ,
938 2739 972 2779 ex

233 2829 235 2831 ·
480 2808 508 2864 C
523 2816 538 2869 3
873 2809 971 2879 gratia,
