<?xml version="1.0" encoding="UTF-8"?>
<!DOCTYPE html PUBLIC "-//W3C//DTD XHTML 1.0 Transitional//EN"
    "http://www.w3.org/TR/xhtml1/DTD/xhtml1-transitional.dtd">
<html xmlns="http://www.w3.org/1999/xhtml" xml:lang="en" lang="en">
 <head>
  <title>
</title>
<meta http-equiv="Content-Type" content="text/html;charset=utf-8" />
  <meta name='ocr-system' content='tesseract 3.04.00' />
  <meta name='ocr-capabilities' content='ocr_page ocr_carea ocr_par ocr_line ocrx_word'/>
</head>
<body>
  <div class='ocr_page' id='page_1' title='image "./MN40369ucmf_0/MN40369ucmf_0_0116.png"; bbox 0 0 2380 3134; ppageno 0'>
   <div class='ocr_carea' id='block_1_1' title="bbox 167 179 722 248">
    <p class='ocr_par' dir='ltr' id='par_1_1' title="bbox 167 179 722 248">
     <span class='ocr_line' id='line_1_1' title="bbox 167 179 722 248; baseline 0.002 -8"><span class='ocrx_word' id='word_1_1' title='bbox 167 190 203 248; x_wconf 72' lang='lat'>68</span> <span class='ocrx_word' id='word_1_2' title='bbox 487 181 568 241; x_wconf 83' lang='lat' dir='ltr'>Levit.</span> <span class='ocrx_word' id='word_1_3' title='bbox 582 179 676 241; x_wconf 83' lang='lat' dir='ltr'><em>XVI.</em></span> <span class='ocrx_word' id='word_1_4' title='bbox 695 185 722 241; x_wconf 65' lang='lat'>22</span> 
     </span>
    </p>
   </div>
   <div class='ocr_carea' id='block_1_2' title="bbox 129 288 1104 815">
    <p class='ocr_par' dir='ltr' id='par_1_2' title="bbox 169 288 1082 556">
     <span class='ocr_line' id='line_1_2' title="bbox 170 288 1080 358; baseline 0 -17"><span class='ocrx_word' id='word_1_5' title='bbox 170 289 247 341; x_wconf 82' lang='lat' dir='ltr'>ferme</span> <span class='ocrx_word' id='word_1_6' title='bbox 263 288 291 341; x_wconf 90' lang='lat' dir='ltr'>ad</span> <span class='ocrx_word' id='word_1_7' title='bbox 311 288 496 344; x_wconf 77' lang='lat' dir='ltr'>destruttiouem</span> <span class='ocrx_word' id='word_1_8' title='bbox 512 290 593 358; x_wconf 88' lang='lat' dir='ltr'>templi</span> <span class='ocrx_word' id='word_1_9' title='bbox 607 291 782 357; x_wconf 77' lang='lat' dir='ltr'><strong>permanebat,</strong></span> <span class='ocrx_word' id='word_1_10' title='bbox 798 289 864 357; x_wconf 85' lang='lat' dir='ltr'>quod</span> <span class='ocrx_word' id='word_1_11' title='bbox 888 306 933 346; x_wconf 83' lang='lat' dir='ltr'>nos</span> <span class='ocrx_word' id='word_1_12' title='bbox 948 291 1005 346; x_wconf 79' lang='lat' dir='ltr'>visto</span> <span class='ocrx_word' id='word_1_13' title='bbox 1020 290 1080 344; x_wconf 57' lang='lat' dir='ltr'>Ezea</span> 
     </span>
     <span class='ocr_line' id='line_1_3' title="bbox 169 355 1081 423; baseline 0.002 -16"><span class='ocrx_word' id='word_1_14' title='bbox 169 356 279 408; x_wconf 81' lang='lat' dir='ltr'>olieliana</span> <span class='ocrx_word' id='word_1_15' title='bbox 289 373 338 408; x_wconf 90' lang='lat' dir='ltr'>non</span> <span class='ocrx_word' id='word_1_16' title='bbox 350 358 448 410; x_wconf 85' lang='lat' dir='ltr'>obscure</span> <span class='ocrx_word' id='word_1_17' title='bbox 463 358 551 408; x_wconf 83' lang='lat' dir='ltr'>edocet</span> <span class='ocrx_word' id='word_1_18' title='bbox 569 356 629 423; x_wconf 88' lang='lat' dir='ltr'>Cap.</span> <span class='ocrx_word' id='word_1_19' title='bbox 643 355 676 408; x_wconf 83' lang='lat' dir='ltr'>X.</span> <span class='ocrx_word' id='word_1_20' title='bbox 689 370 709 416; x_wconf 22' lang='lat'>31.</span> <span class='ocrx_word' id='word_1_21' title='bbox 720 370 743 419; x_wconf 78' lang='lat'>4,</span> <span class='ocrx_word' id='word_1_22' title='bbox 759 365 793 414; x_wconf 85' lang='lat'>18.</span> <span class='ocrx_word' id='word_1_23' title='bbox 809 372 843 417; x_wconf 85' lang='lat'>19.</span> <span class='ocrx_word' id='word_1_24' title='bbox 857 358 905 420; x_wconf 73' lang='lat' dir='ltr'>&amp;o</span> <span class='ocrx_word' id='word_1_25' title='bbox 935 359 1081 413; x_wconf 86' lang='lat' dir='ltr'>lmmiuente</span> 
     </span>
     <span class='ocr_line' id='line_1_4' title="bbox 172 422 1082 491; baseline 0.002 -20"><span class='ocrx_word' id='word_1_26' title='bbox 172 438 232 472; x_wconf 81' lang='lat' dir='ltr'>vero</span> <span class='ocrx_word' id='word_1_27' title='bbox 247 422 407 474; x_wconf 82' lang='lat' dir='ltr'>devastatione</span> <span class='ocrx_word' id='word_1_28' title='bbox 420 422 636 488; x_wconf 79' lang='lat' dir='ltr'>Hierosolymitaua</span> <span class='ocrx_word' id='word_1_29' title='bbox 648 438 678 473; x_wconf 83' lang='lat' dir='ltr'>ex</span> <span class='ocrx_word' id='word_1_30' title='bbox 695 423 753 473; x_wconf 81' lang='lat' dir='ltr'>loeo</span> <span class='ocrx_word' id='word_1_31' title='bbox 769 423 811 474; x_wconf 84' lang='lat' dir='ltr'>suo</span> <span class='ocrx_word' id='word_1_32' title='bbox 824 422 923 475; x_wconf 77' lang='lat' dir='ltr'>discedit</span> <span class='ocrx_word' id='word_1_33' title='bbox 932 449 944 482; x_wconf 45' lang='lat'>,¹</span> <span class='ocrx_word' id='word_1_34' title='bbox 957 436 1028 491; x_wconf 87' lang='lat' dir='ltr'>atque</span> <span class='ocrx_word' id='word_1_35' title='bbox 1046 424 1082 474; x_wconf 70' lang='lat' dir='ltr'>dr-</span> 
     </span>
     <span class='ocr_line' id='line_1_5' title="bbox 169 486 1080 556; baseline 0.001 -18"><span class='ocrx_word' id='word_1_36' title='bbox 169 486 271 539; x_wconf 73' lang='lat' dir='ltr'>mettum</span> <span class='ocrx_word' id='word_1_37' title='bbox 288 489 368 551; x_wconf 77' lang='lat' dir='ltr'>gratiae</span> <span class='ocrx_word' id='word_1_38' title='bbox 391 488 475 538; x_wconf 82' lang='lat' dir='ltr'>divinar</span> <span class='ocrx_word' id='word_1_39' title='bbox 494 490 518 537; x_wconf 92' lang='lat' dir='ltr'>in</span> <span class='ocrx_word' id='word_1_40' title='bbox 538 486 659 554; x_wconf 87' lang='lat' dir='ltr'>populum</span> <span class='ocrx_word' id='word_1_41' title='bbox 677 487 787 539; x_wconf 76' lang='lat' dir='ltr'>hatlenus</span> <span class='ocrx_word' id='word_1_42' title='bbox 806 488 898 539; x_wconf 85' lang='lat' dir='ltr'>collatae</span> <span class='ocrx_word' id='word_1_43' title='bbox 915 490 1080 556; x_wconf 80' lang='lat' dir='ltr'>praefiguravit.</span> 
     </span>
    </p>

    <p class='ocr_par' dir='ltr' id='par_1_3' title="bbox 129 551 1104 815">
     <span class='ocr_line' id='line_1_6' title="bbox 129 551 1083 619; baseline 0 -14"><span class='ocrx_word' id='word_1_44' title='bbox 129 578 131 582; x_wconf 54' lang='grc'>’</span> <span class='ocrx_word' id='word_1_45' title='bbox 173 552 348 605; x_wconf 80' lang='lat' dir='ltr'>Evidentiffime</span> <span class='ocrx_word' id='word_1_46' title='bbox 364 552 421 603; x_wconf 86' lang='lat' dir='ltr'>hinc</span> <span class='ocrx_word' id='word_1_47' title='bbox 436 561 503 618; x_wconf 80' lang='lat' dir='ltr'>putet</span> <span class='ocrx_word' id='word_1_48' title='bbox 521 553 618 603; x_wconf 88' lang='lat' dir='ltr'>Nubem</span> <span class='ocrx_word' id='word_1_49' title='bbox 635 555 659 602; x_wconf 89' lang='lat' dir='ltr'>in</span> <span class='ocrx_word' id='word_1_50' title='bbox 673 554 745 619; x_wconf 78' lang='lat' dir='ltr'>adyto</span> <span class='ocrx_word' id='word_1_51' title='bbox 758 551 871 611; x_wconf 71' lang='lat' dir='ltr'>extitisse,</span> <span class='ocrx_word' id='word_1_52' title='bbox 886 553 984 605; x_wconf 88' lang='lat' dir='ltr'>Nubem</span> <span class='ocrx_word' id='word_1_53' title='bbox 1000 554 1083 607; x_wconf 84' lang='lat' dir='ltr'>Deum</span> 
     </span>
     <span class='ocr_line' id='line_1_7' title="bbox 172 616 1084 684; baseline 0.002 -16"><span class='ocrx_word' id='word_1_54' title='bbox 172 618 311 684; x_wconf 76' lang='lat' dir='ltr'><strong>praesentem</strong></span> <span class='ocrx_word' id='word_1_55' title='bbox 322 616 450 675; x_wconf 85' lang='lat' dir='ltr'>indicalle,</span> <span class='ocrx_word' id='word_1_56' title='bbox 466 618 580 683; x_wconf 80' lang='lat' dir='ltr'>adeoque</span> <span class='ocrx_word' id='word_1_57' title='bbox 595 618 626 670; x_wconf 89' lang='lat' dir='ltr'>ad</span> <span class='ocrx_word' id='word_1_58' title='bbox 641 621 797 670; x_wconf 83' lang='lat' dir='ltr'>reverentiam</span> <span class='ocrx_word' id='word_1_59' title='bbox 813 618 1021 670; x_wconf 57' lang='lat' dir='ltr'>locoolanttifflmo</span> <span class='ocrx_word' id='word_1_60' title='bbox 1042 635 1084 670; x_wconf 81' lang='lat' dir='ltr'>ex·</span> 
     </span>
     <span class='ocr_line' id='line_1_8' title="bbox 173 682 1104 751; baseline 0 -16"><span class='ocrx_word' id='word_1_61' title='bbox 173 685 306 736; x_wconf 83' lang='lat' dir='ltr'>hibendum</span> <span class='ocrx_word' id='word_1_62' title='bbox 316 682 379 733; x_wconf 71' lang='lat' dir='ltr'>redte</span> <span class='ocrx_word' id='word_1_63' title='bbox 391 683 454 733; x_wconf 81' lang='lat' dir='ltr'>dici:</span> <span class='ocrx_word' id='word_1_64' title='bbox 475 689 513 734; x_wconf 80' lang='lat' dir='ltr'>Ne</span> <span class='ocrx_word' id='word_1_65' title='bbox 525 683 612 733; x_wconf 73' lang='lat' dir='ltr'>Auaron</span> <span class='ocrx_word' id='word_1_66' title='bbox 626 691 699 747; x_wconf 66' lang='lat' dir='ltr'>arronis</span> <span class='ocrx_word' id='word_1_67' title='bbox 710 697 802 751; x_wconf 78' lang='lat' dir='ltr'>ternpore</span> <span class='ocrx_word' id='word_1_68' title='bbox 815 685 866 736; x_wconf 77' lang='lat' dir='ltr'>illud</span> <span class='ocrx_word' id='word_1_69' title='bbox 879 687 977 736; x_wconf 66' lang='lat' dir='ltr'>Suetium</span> <span class='ocrx_word' id='word_1_70' title='bbox 994 689 1063 737; x_wconf 75' lang='lat' dir='ltr'>intret</span> <span class='ocrx_word' id='word_1_71' title='bbox 1074 721 1081 743; x_wconf 84' lang='lat'>,</span> <span class='ocrx_word' id='word_1_72' title='bbox 1102 745 1104 751; x_wconf 69' lang='lat'>,</span> 
     </span>
     <span class='ocr_line' id='line_1_9' title="bbox 172 749 683 815; baseline -0.004 -14"><span class='ocrx_word' id='word_1_73' title='bbox 172 768 222 801; x_wconf 81' lang='lat' dir='ltr'>narn</span> <span class='ocrx_word' id='word_1_74' title='bbox 236 749 329 801; x_wconf 69' lang='lat' dir='ltr'>raude</span> <span class='ocrx_word' id='word_1_75' title='bbox 342 749 444 813; x_wconf 75' lang='lat' dir='ltr'>apparebo</span> <span class='ocrx_word' id='word_1_76' title='bbox 452 750 518 813; x_wconf 84' lang='lat' dir='ltr'>snper</span> <span class='ocrx_word' id='word_1_77' title='bbox 526 754 683 815; x_wconf 73' lang='lat' dir='ltr'>propitiatorio,</span> 
     </span>
    </p>
   </div>
   <div class='ocr_carea' id='block_1_3' title="bbox 131 872 1089 2814">
    <p class='ocr_par' dir='ltr' id='par_1_4' title="bbox 131 872 1089 2763">
     <span class='ocr_line' id='line_1_10' title="bbox 238 872 1082 942; baseline -0.001 -16"><span class='ocrx_word' id='word_1_78' title='bbox 238 874 258 926; x_wconf 71' lang='lat' dir='ltr'>l.</span> <span class='ocrx_word' id='word_1_79' title='bbox 277 882 313 925; x_wconf 83' lang='lat'>26.</span> <span class='ocrx_word' id='word_1_80' title='bbox 336 872 468 925; x_wconf 80' lang='lat' dir='ltr'>Verum&amp;</span> <span class='ocrx_word' id='word_1_81' title='bbox 486 890 514 925; x_wconf 86' lang='lat' dir='ltr'>ea</span> <span class='ocrx_word' id='word_1_82' title='bbox 526 876 669 930; x_wconf 83' lang='lat' dir='ltr'>excutienda</span> <span class='ocrx_word' id='word_1_83' title='bbox 682 875 741 933; x_wconf 85' lang='lat' dir='ltr'>sunt,</span> <span class='ocrx_word' id='word_1_84' title='bbox 756 889 809 942; x_wconf 85' lang='lat' dir='ltr'>quae</span> <span class='ocrx_word' id='word_1_85' title='bbox 823 873 866 926; x_wconf 87' lang='lat' dir='ltr'>viri</span> <span class='ocrx_word' id='word_1_86' title='bbox 882 873 947 925; x_wconf 78' lang='lat' dir='ltr'>dour</span> <span class='ocrx_word' id='word_1_87' title='bbox 964 873 1082 926; x_wconf 85' lang='lat' dir='ltr'>stabilien-</span> 
     </span>
     <span class='ocr_line' id='line_1_11' title="bbox 172 938 1083 1006; baseline -0.001 -14"><span class='ocrx_word' id='word_1_88' title='bbox 172 940 207 992; x_wconf 89' lang='lat' dir='ltr'>dae</span> <span class='ocrx_word' id='word_1_89' title='bbox 220 938 341 990; x_wconf 73' lang='lat' dir='ltr'>sententie</span> <span class='ocrx_word' id='word_1_90' title='bbox 357 939 402 993; x_wconf 81' lang='lat' dir='ltr'>suae</span> <span class='ocrx_word' id='word_1_91' title='bbox 415 938 526 990; x_wconf 81' lang='lat' dir='ltr'>inservire</span> <span class='ocrx_word' id='word_1_92' title='bbox 545 941 659 1002; x_wconf 80' lang='lat' dir='ltr'>judicant.</span> <span class='ocrx_word' id='word_1_93' title='bbox 704 941 720 992; x_wconf 93' lang='lat' dir='ltr'>l.</span> <span class='ocrx_word' id='word_1_94' title='bbox 733 940 850 995; x_wconf 83' lang='lat' dir='ltr'>Particula</span> <span class='ocrx_word' id='word_1_95' title='bbox 864 948 887 990; x_wconf 67' lang='lat'>’³</span> <span class='ocrx_word' id='word_1_96' title='bbox 908 942 1033 991; x_wconf 86' lang='lat' dir='ltr'>notionem</span> <span class='ocrx_word' id='word_1_97' title='bbox 1050 950 1083 1006; x_wconf 59' lang='lat' dir='ltr'>tat</span> 
     </span>
     <span class='ocr_line' id='line_1_12' title="bbox 131 1004 1083 1070; baseline 0 -14"><span class='ocrx_word' id='word_1_98' title='bbox 131 1064 132 1067; x_wconf 8' lang='grc' dir='ltr'><strong>Ἴ</strong></span> <span class='ocrx_word' id='word_1_99' title='bbox 171 1008 258 1056; x_wconf 79' lang='lat' dir='ltr'>tautum</span> <span class='ocrx_word' id='word_1_100' title='bbox 268 1006 392 1055; x_wconf 88' lang='lat' dir='ltr'>ordinario</span> <span class='ocrx_word' id='word_1_101' title='bbox 403 1020 452 1055; x_wconf 90' lang='lat' dir='ltr'>uon</span> <span class='ocrx_word' id='word_1_102' title='bbox 465 1004 544 1055; x_wconf 84' lang='lat' dir='ltr'>habet.</span> <span class='ocrx_word' id='word_1_103' title='bbox 580 1005 707 1057; x_wconf 88' lang='lat' dir='ltr'>Ordinaria</span> <span class='ocrx_word' id='word_1_104' title='bbox 718 1015 817 1063; x_wconf 87' lang='lat' dir='ltr'>autem,</span> <span class='ocrx_word' id='word_1_105' title='bbox 834 1005 851 1056; x_wconf 88' lang='lat' dir='ltr'>fi</span> <span class='ocrx_word' id='word_1_106' title='bbox 862 1005 916 1057; x_wconf 85' lang='lat' dir='ltr'>fieri</span> <span class='ocrx_word' id='word_1_107' title='bbox 926 1005 1011 1070; x_wconf 80' lang='lat' dir='ltr'>potest,</span> <span class='ocrx_word' id='word_1_108' title='bbox 1021 1005 1083 1056; x_wconf 87' lang='lat' dir='ltr'>sem-</span> 
     </span>
     <span class='ocr_line' id='line_1_13' title="bbox 171 1068 1083 1137; baseline -0.002 -16"><span class='ocrx_word' id='word_1_109' title='bbox 171 1086 215 1137; x_wconf 87' lang='lat' dir='ltr'>per</span> <span class='ocrx_word' id='word_1_110' title='bbox 230 1069 376 1136; x_wconf 77' lang='lat' dir='ltr'>praeferenda</span> <span class='ocrx_word' id='word_1_111' title='bbox 391 1070 429 1120; x_wconf 77' lang='lat' dir='ltr'>eu.</span> <span class='ocrx_word' id='word_1_112' title='bbox 475 1068 525 1121; x_wconf 84' lang='lat' dir='ltr'>Hic</span> <span class='ocrx_word' id='word_1_113' title='bbox 538 1078 617 1121; x_wconf 85' lang='lat' dir='ltr'>autem</span> <span class='ocrx_word' id='word_1_114' title='bbox 636 1073 723 1122; x_wconf 89' lang='lat' dir='ltr'>notio:</span> <span class='ocrx_word' id='word_1_115' title='bbox 740 1077 816 1128; x_wconf 80' lang='lat' dir='ltr'>Nam,</span> <span class='ocrx_word' id='word_1_116' title='bbox 837 1076 885 1134; x_wconf 73' lang='lat' dir='ltr'>quia</span> <span class='ocrx_word' id='word_1_117' title='bbox 905 1070 980 1134; x_wconf 84' lang='lat' dir='ltr'>longe</span> <span class='ocrx_word' id='word_1_118' title='bbox 993 1070 1083 1135; x_wconf 79' lang='lat' dir='ltr'>fignifi-</span> 
     </span>
     <span class='ocr_line' id='line_1_14' title="bbox 173 1133 1083 1201; baseline -0.004 -13"><span class='ocrx_word' id='word_1_119' title='bbox 173 1140 281 1192; x_wconf 88' lang='lat' dir='ltr'>cantior,</span> <span class='ocrx_word' id='word_1_120' title='bbox 291 1151 363 1201; x_wconf 86' lang='lat' dir='ltr'>quam</span> <span class='ocrx_word' id='word_1_121' title='bbox 378 1147 482 1185; x_wconf 75' lang='lat' dir='ltr'>tanturn.-</span> <span class='ocrx_word' id='word_1_122' title='bbox 500 1133 572 1187; x_wconf 88' lang='lat' dir='ltr'>Ratio</span> <span class='ocrx_word' id='word_1_123' title='bbox 586 1137 652 1186; x_wconf 84' lang='lat' dir='ltr'>enim</span> <span class='ocrx_word' id='word_1_124' title='bbox 669 1136 751 1193; x_wconf 84' lang='lat' dir='ltr'>danda,</span> <span class='ocrx_word' id='word_1_125' title='bbox 767 1150 839 1200; x_wconf 85' lang='lat' dir='ltr'>quare</span> <span class='ocrx_word' id='word_1_126' title='bbox 851 1134 964 1185; x_wconf 79' lang='lat' dir='ltr'>Pontifex</span> <span class='ocrx_word' id='word_1_127' title='bbox 975 1135 1015 1185; x_wconf 84' lang='lat' dir='ltr'>sub</span> <span class='ocrx_word' id='word_1_128' title='bbox 1026 1150 1083 1200; x_wconf 89' lang='lat' dir='ltr'>poe-</span> 
     </span>
     <span class='ocr_line' id='line_1_15' title="bbox 172 1198 1082 1266; baseline -0.003 -14"><span class='ocrx_word' id='word_1_129' title='bbox 172 1215 202 1252; x_wconf 87' lang='lat' dir='ltr'>na</span> <span class='ocrx_word' id='word_1_130' title='bbox 217 1202 303 1252; x_wconf 87' lang='lat' dir='ltr'>mortis</span> <span class='ocrx_word' id='word_1_131' title='bbox 312 1199 413 1266; x_wconf 78' lang='lat' dir='ltr'>adytum</span> <span class='ocrx_word' id='word_1_132' title='bbox 428 1201 512 1264; x_wconf 85' lang='lat' dir='ltr'>quovis</span> <span class='ocrx_word' id='word_1_133' title='bbox 524 1210 634 1265; x_wconf 86' lang='lat' dir='ltr'>tempore</span> <span class='ocrx_word' id='word_1_134' title='bbox 649 1202 741 1264; x_wconf 78' lang='lat' dir='ltr'>ingredi</span> <span class='ocrx_word' id='word_1_135' title='bbox 755 1216 808 1250; x_wconf 91' lang='lat' dir='ltr'>non</span> <span class='ocrx_word' id='word_1_136' title='bbox 820 1200 913 1251; x_wconf 65' lang='lat' dir='ltr'>debeat·</span> <span class='ocrx_word' id='word_1_137' title='bbox 947 1198 1010 1250; x_wconf 88' lang='lat' dir='ltr'>Dein</span> <span class='ocrx_word' id='word_1_138' title='bbox 1027 1199 1082 1249; x_wconf 88' lang='lat' dir='ltr'>nul-</span> 
     </span>
     <span class='ocr_line' id='line_1_16' title="bbox 172 1263 1083 1330; baseline -0.001 -14"><span class='ocrx_word' id='word_1_139' title='bbox 172 1264 208 1318; x_wconf 87' lang='lat' dir='ltr'>lus</span> <span class='ocrx_word' id='word_1_140' title='bbox 223 1280 256 1317; x_wconf 83' lang='lat' dir='ltr'>ex</span> <span class='ocrx_word' id='word_1_141' title='bbox 265 1265 323 1315; x_wconf 86' lang='lat' dir='ltr'>locis</span> <span class='ocrx_word' id='word_1_142' title='bbox 336 1266 414 1317; x_wconf 79' lang='lat' dir='ltr'>citatis</span> <span class='ocrx_word' id='word_1_143' title='bbox 431 1265 492 1317; x_wconf 84' lang='lat' dir='ltr'>Gen.</span> <span class='ocrx_word' id='word_1_144' title='bbox 503 1263 584 1316; x_wconf 87' lang='lat' dir='ltr'>XVll.</span> <span class='ocrx_word' id='word_1_145' title='bbox 596 1279 633 1325; x_wconf 82' lang='lat'>15.</span> <span class='ocrx_word' id='word_1_146' title='bbox 653 1264 723 1318; x_wconf 76' lang='lat' dir='ltr'><strong>XIX.</strong></span> <span class='ocrx_word' id='word_1_147' title='bbox 735 1280 755 1316; x_wconf 83' lang='lat'>2.</span> <span class='ocrx_word' id='word_1_148' title='bbox 776 1264 853 1316; x_wconf 87' lang='lat' dir='ltr'>XLll.</span> <span class='ocrx_word' id='word_1_149' title='bbox 867 1280 904 1316; x_wconf 78' lang='lat'>12.</span> <span class='ocrx_word' id='word_1_150' title='bbox 924 1264 1083 1330; x_wconf 77' lang='lat' dir='ltr'>significatum</span> 
     </span>
     <span class='ocr_line' id='line_1_17' title="bbox 172 1329 1082 1394; baseline -0.001 -13"><span class='ocrx_word' id='word_1_151' title='bbox 172 1344 257 1381; x_wconf 81' lang='lat' dir='ltr'>tantum</span> <span class='ocrx_word' id='word_1_152' title='bbox 279 1330 401 1387; x_wconf 82' lang='lat' dir='ltr'>admittit,</span> <span class='ocrx_word' id='word_1_153' title='bbox 420 1339 446 1381; x_wconf 89' lang='lat' dir='ltr'>ut</span> <span class='ocrx_word' id='word_1_154' title='bbox 463 1346 514 1380; x_wconf 91' lang='lat' dir='ltr'>non</span> <span class='ocrx_word' id='word_1_155' title='bbox 530 1331 684 1381; x_wconf 83' lang='lat' dir='ltr'>commodius</span> <span class='ocrx_word' id='word_1_156' title='bbox 703 1350 770 1385; x_wconf 77' lang='lat' dir='ltr'>narr,</span> <span class='ocrx_word' id='word_1_157' title='bbox 789 1337 855 1394; x_wconf 71' lang='lat' dir='ltr'>qesta,</span> <span class='ocrx_word' id='word_1_158' title='bbox 878 1330 992 1381; x_wconf 87' lang='lat' dir='ltr'>admittat.</span> <span class='ocrx_word' id='word_1_159' title='bbox 1046 1329 1082 1380; x_wconf 90' lang='lat' dir='ltr'>ll.</span> 
     </span>
     <span class='ocr_line' id='line_1_18' title="bbox 171 1393 1084 1461; baseline -0.002 -13"><span class='ocrx_word' id='word_1_160' title='bbox 171 1396 284 1448; x_wconf 81' lang='lat' dir='ltr'>Maxime</span> <span class='ocrx_word' id='word_1_161' title='bbox 299 1396 341 1447; x_wconf 85' lang='lat' dir='ltr'>alia</span> <span class='ocrx_word' id='word_1_162' title='bbox 354 1394 440 1446; x_wconf 81' lang='lat' dir='ltr'>Nubes</span> <span class='ocrx_word' id='word_1_163' title='bbox 457 1393 537 1446; x_wconf 86' lang='lat' dir='ltr'>suffitu</span> <span class='ocrx_word' id='word_1_164' title='bbox 550 1395 649 1446; x_wconf 84' lang='lat' dir='ltr'>accenso</span> <span class='ocrx_word' id='word_1_165' title='bbox 667 1397 768 1452; x_wconf 85' lang='lat' dir='ltr'>creanda</span> <span class='ocrx_word' id='word_1_166' title='bbox 795 1406 843 1447; x_wconf 89' lang='lat' dir='ltr'>erat</span> <span class='ocrx_word' id='word_1_167' title='bbox 858 1434 865 1454; x_wconf 90' lang='lat'>‚</span> <span class='ocrx_word' id='word_1_168' title='bbox 882 1405 911 1446; x_wconf 89' lang='lat' dir='ltr'>ut</span> <span class='ocrx_word' id='word_1_169' title='bbox 923 1395 976 1454; x_wconf 85' lang='lat' dir='ltr'>illa,</span> <span class='ocrx_word' id='word_1_170' title='bbox 994 1397 1018 1444; x_wconf 89' lang='lat' dir='ltr'>in</span> <span class='ocrx_word' id='word_1_171' title='bbox 1034 1410 1084 1461; x_wconf 88' lang='lat' dir='ltr'>qua</span> 
     </span>
     <span class='ocr_line' id='line_1_19' title="bbox 171 1460 1083 1528; baseline 0 -17"><span class='ocrx_word' id='word_1_172' title='bbox 171 1460 240 1514; x_wconf 85' lang='lat' dir='ltr'>Deus</span> <span class='ocrx_word' id='word_1_173' title='bbox 256 1461 389 1517; x_wconf 79' lang='lat' dir='ltr'>habitabat,</span> <span class='ocrx_word' id='word_1_174' title='bbox 414 1470 586 1528; x_wconf 80' lang='lat' dir='ltr'>contegeretur</span> <span class='ocrx_word' id='word_1_175' title='bbox 598 1470 671 1527; x_wconf 84' lang='lat' dir='ltr'>atque</span> <span class='ocrx_word' id='word_1_176' title='bbox 688 1463 717 1513; x_wconf 88' lang='lat' dir='ltr'>ita</span> <span class='ocrx_word' id='word_1_177' title='bbox 732 1461 810 1527; x_wconf 83' lang='lat' dir='ltr'>gloria</span> <span class='ocrx_word' id='word_1_178' title='bbox 828 1460 875 1512; x_wconf 89' lang='lat' dir='ltr'>Dei</span> <span class='ocrx_word' id='word_1_179' title='bbox 893 1476 944 1511; x_wconf 90' lang='lat' dir='ltr'>non</span> <span class='ocrx_word' id='word_1_180' title='bbox 959 1460 1083 1525; x_wconf 80' lang='lat' dir='ltr'>conspice-</span> 
     </span>
     <span class='ocr_line' id='line_1_20' title="bbox 172 1524 1081 1591; baseline -0.001 -14"><span class='ocrx_word' id='word_1_181' title='bbox 172 1537 244 1578; x_wconf 84' lang='lat' dir='ltr'>retur.</span> <span class='ocrx_word' id='word_1_182' title='bbox 273 1526 331 1577; x_wconf 84' lang='lat' dir='ltr'>Utar</span> <span class='ocrx_word' id='word_1_183' title='bbox 343 1526 423 1576; x_wconf 81' lang='lat' dir='ltr'>verbis</span> <span class='ocrx_word' id='word_1_184' title='bbox 436 1527 502 1576; x_wconf 83' lang='lat' dir='ltr'>Aben</span> <span class='ocrx_word' id='word_1_185' title='bbox 515 1524 588 1584; x_wconf 79' lang='lat' dir='ltr'>Estae,</span> <span class='ocrx_word' id='word_1_186' title='bbox 603 1527 690 1576; x_wconf 75' lang='lat' dir='ltr'>Nudam</span> <span class='ocrx_word' id='word_1_187' title='bbox 702 1532 792 1583; x_wconf 73' lang='lat' dir='ltr'>excitat,</span> <span class='ocrx_word' id='word_1_188' title='bbox 807 1529 929 1591; x_wconf 74' lang='lat' dir='ltr'>ueglorium</span> <span class='ocrx_word' id='word_1_189' title='bbox 943 1532 983 1575; x_wconf 85' lang='lat' dir='ltr'>Dei</span> <span class='ocrx_word' id='word_1_190' title='bbox 999 1526 1081 1576; x_wconf 80' lang='lat' dir='ltr'>uideat.</span> 
     </span>
     <span class='ocr_line' id='line_1_21' title="bbox 173 1589 1084 1657; baseline -0.002 -14"><span class='ocrx_word' id='word_1_191' title='bbox 173 1592 220 1643; x_wconf 87' lang='lat' dir='ltr'>Sed</span> <span class='ocrx_word' id='word_1_192' title='bbox 233 1606 330 1657; x_wconf 81' lang='lat' dir='ltr'>quaero,</span> <span class='ocrx_word' id='word_1_193' title='bbox 345 1590 443 1654; x_wconf 85' lang='lat' dir='ltr'>quaeest</span> <span class='ocrx_word' id='word_1_194' title='bbox 456 1591 494 1641; x_wconf 91' lang='lat' dir='ltr'>illa</span> <span class='ocrx_word' id='word_1_195' title='bbox 511 1599 567 1642; x_wconf 68' lang='grc'>’1133</span> <span class='ocrx_word' id='word_1_196' title='bbox 578 1589 730 1656; x_wconf 72' lang='lat' dir='ltr'>glor-tallei?</span> <span class='ocrx_word' id='word_1_197' title='bbox 749 1590 861 1644; x_wconf 76' lang='lat' dir='ltr'>Profetto</span> <span class='ocrx_word' id='word_1_198' title='bbox 874 1607 927 1643; x_wconf 91' lang='lat' dir='ltr'>non</span> <span class='ocrx_word' id='word_1_199' title='bbox 942 1590 991 1648; x_wconf 89' lang='lat' dir='ltr'>alia,</span> <span class='ocrx_word' id='word_1_200' title='bbox 1008 1605 1084 1656; x_wconf 88' lang='lat' dir='ltr'>quarn</span> 
     </span>
     <span class='ocr_line' id='line_1_22' title="bbox 174 1654 1081 1723; baseline -0.004 -15"><span class='ocrx_word' id='word_1_201' title='bbox 174 1656 260 1708; x_wconf 88' lang='lat' dir='ltr'>Nubes</span> <span class='ocrx_word' id='word_1_202' title='bbox 272 1655 334 1707; x_wconf 87' lang='lat' dir='ltr'>conf.</span> <span class='ocrx_word' id='word_1_203' title='bbox 346 1654 424 1707; x_wconf 80' lang='lat' dir='ltr'>Exod.</span> <span class='ocrx_word' id='word_1_204' title='bbox 437 1654 490 1707; x_wconf 83' lang='lat' dir='ltr'>XL.</span> <span class='ocrx_word' id='word_1_205' title='bbox 508 1669 544 1717; x_wconf 80' lang='lat'>35.</span> <span class='ocrx_word' id='word_1_206' title='bbox 563 1658 660 1707; x_wconf 89' lang='lat' dir='ltr'>lnverto</span> <span class='ocrx_word' id='word_1_207' title='bbox 671 1658 749 1723; x_wconf 89' lang='lat' dir='ltr'>itaque</span> <span class='ocrx_word' id='word_1_208' title='bbox 769 1657 947 1721; x_wconf 74' lang='lat' dir='ltr'>Argumentum</span> <span class='ocrx_word' id='word_1_209' title='bbox 963 1656 1004 1704; x_wconf 83' lang='lat' dir='ltr'>viri</span> <span class='ocrx_word' id='word_1_210' title='bbox 1017 1655 1081 1706; x_wconf 87' lang='lat' dir='ltr'>Clar.</span> 
     </span>
     <span class='ocr_line' id='line_1_23' title="bbox 174 1719 1083 1788; baseline -0.004 -14"><span class='ocrx_word' id='word_1_211' title='bbox 174 1722 199 1774; x_wconf 89' lang='lat' dir='ltr'>Si</span> <span class='ocrx_word' id='word_1_212' title='bbox 213 1737 264 1772; x_wconf 77' lang='lat' dir='ltr'>raon</span> <span class='ocrx_word' id='word_1_213' title='bbox 277 1719 353 1772; x_wconf 79' lang='lat' dir='ltr'>fuiilet</span> <span class='ocrx_word' id='word_1_214' title='bbox 365 1720 451 1771; x_wconf 82' lang='lat' dir='ltr'>Nubes</span> <span class='ocrx_word' id='word_1_215' title='bbox 463 1720 484 1771; x_wconf 92' lang='lat' dir='ltr'>h.</span> <span class='ocrx_word' id='word_1_216' title='bbox 501 1737 521 1770; x_wconf 87' lang='lat' dir='ltr'>e.</span> <span class='ocrx_word' id='word_1_217' title='bbox 545 1720 688 1788; x_wconf 83' lang='lat' dir='ltr'>Symbolum</span> <span class='ocrx_word' id='word_1_218' title='bbox 703 1722 821 1787; x_wconf 84' lang='lat' dir='ltr'>praesentis</span> <span class='ocrx_word' id='word_1_219' title='bbox 838 1722 896 1781; x_wconf 89' lang='lat' dir='ltr'>Dei,</span> <span class='ocrx_word' id='word_1_220' title='bbox 916 1732 1041 1787; x_wconf 83' lang='lat' dir='ltr'>autequam</span> <span class='ocrx_word' id='word_1_221' title='bbox 1057 1723 1083 1770; x_wconf 92' lang='lat' dir='ltr'>in</span> 
     </span>
     <span class='ocr_line' id='line_1_24' title="bbox 173 1784 1089 1854; baseline 0 -16"><span class='ocrx_word' id='word_1_222' title='bbox 173 1787 273 1854; x_wconf 78' lang='lat' dir='ltr'>adytum</span> <span class='ocrx_word' id='word_1_223' title='bbox 286 1788 378 1836; x_wconf 80' lang='lat' dir='ltr'>veniret</span> <span class='ocrx_word' id='word_1_224' title='bbox 398 1784 530 1844; x_wconf 82' lang='lat' dir='ltr'>Pontifex,</span> <span class='ocrx_word' id='word_1_225' title='bbox 547 1802 635 1844; x_wconf 83' lang='lat' dir='ltr'>eccur,</span> <span class='ocrx_word' id='word_1_226' title='bbox 655 1787 730 1844; x_wconf 88' lang='lat' dir='ltr'>cedo,</span> <span class='ocrx_word' id='word_1_227' title='bbox 746 1786 846 1838; x_wconf 88' lang='lat' dir='ltr'>Nubem</span> <span class='ocrx_word' id='word_1_228' title='bbox 862 1803 892 1838; x_wconf 84' lang='lat' dir='ltr'>ex</span> <span class='ocrx_word' id='word_1_229' title='bbox 906 1784 986 1836; x_wconf 85' lang='lat' dir='ltr'>suffitu</span> <span class='ocrx_word' id='word_1_230' title='bbox 1003 1801 1089 1838; x_wconf 80' lang='lat' dir='ltr'>creare-</span> 
     </span>
     <span class='ocr_line' id='line_1_25' title="bbox 173 1850 1083 1917; baseline -0.003 -14"><span class='ocrx_word' id='word_1_231' title='bbox 173 1850 282 1903; x_wconf 82' lang='lat' dir='ltr'>debuit?</span> <span class='ocrx_word' id='word_1_232' title='bbox 300 1853 336 1902; x_wconf 79' lang='lat' dir='ltr'>lln</span> <span class='ocrx_word' id='word_1_233' title='bbox 350 1851 390 1901; x_wconf 90' lang='lat' dir='ltr'>illa</span> <span class='ocrx_word' id='word_1_234' title='bbox 406 1851 530 1901; x_wconf 82' lang='lat' dir='ltr'>excitanda</span> <span class='ocrx_word' id='word_1_235' title='bbox 544 1861 644 1917; x_wconf 88' lang='lat' dir='ltr'>propter</span> <span class='ocrx_word' id='word_1_236' title='bbox 663 1852 746 1903; x_wconf 78' lang='lat' dir='ltr'>llrcam</span> <span class='ocrx_word' id='word_1_237' title='bbox 762 1853 787 1902; x_wconf 76' lang='lat' dir='ltr'>dt</span> <span class='ocrx_word' id='word_1_238' title='bbox 799 1868 872 1917; x_wconf 82' lang='lat' dir='ltr'>pauca</span> <span class='ocrx_word' id='word_1_239' title='bbox 890 1852 981 1916; x_wconf 80' lang='lat' dir='ltr'>reliqua</span> <span class='ocrx_word' id='word_1_240' title='bbox 995 1850 1043 1902; x_wconf 83' lang='lat' dir='ltr'>vasa</span> <span class='ocrx_word' id='word_1_241' title='bbox 1056 1851 1083 1900; x_wconf 87' lang='lat' dir='ltr'>iu</span> 
     </span>
     <span class='ocr_line' id='line_1_26' title="bbox 173 1912 1084 1983; baseline -0.003 -14"><span class='ocrx_word' id='word_1_242' title='bbox 173 1914 341 1969; x_wconf 72' lang='lat' dir='ltr'>Sandissimo?</span> <span class='ocrx_word' id='word_1_243' title='bbox 357 1915 419 1967; x_wconf 92' lang='lat' dir='ltr'>Non</span> <span class='ocrx_word' id='word_1_244' title='bbox 430 1925 504 1981; x_wconf 91' lang='lat' dir='ltr'>puto,</span> <span class='ocrx_word' id='word_1_245' title='bbox 525 1912 562 1965; x_wconf 86' lang='lat' dir='ltr'>sed</span> <span class='ocrx_word' id='word_1_246' title='bbox 578 1926 677 1982; x_wconf 86' lang='lat' dir='ltr'>propter</span> <span class='ocrx_word' id='word_1_247' title='bbox 684 1916 771 1973; x_wconf 87' lang='lat' dir='ltr'>Deum,</span> <span class='ocrx_word' id='word_1_248' title='bbox 787 1917 919 1983; x_wconf 90' lang='lat' dir='ltr'>quilocum</span> <span class='ocrx_word' id='word_1_249' title='bbox 934 1916 1001 1966; x_wconf 91' lang='lat' dir='ltr'>illum</span> <span class='ocrx_word' id='word_1_250' title='bbox 1019 1916 1084 1982; x_wconf 83' lang='lat' dir='ltr'>sym-</span> 
     </span>
     <span class='ocr_line' id='line_1_27' title="bbox 173 1980 1084 2047; baseline -0.002 -14"><span class='ocrx_word' id='word_1_251' title='bbox 173 1982 252 2034; x_wconf 88' lang='lat' dir='ltr'>bolice</span> <span class='ocrx_word' id='word_1_252' title='bbox 265 1981 391 2032; x_wconf 82' lang='lat' dir='ltr'>incolebat.</span> <span class='ocrx_word' id='word_1_253' title='bbox 428 1980 487 2042; x_wconf 85' lang='lat' dir='ltr'>Quo</span> <span class='ocrx_word' id='word_1_254' title='bbox 503 1980 545 2031; x_wconf 87' lang='lat' dir='ltr'>sub</span> <span class='ocrx_word' id='word_1_255' title='bbox 559 1980 697 2047; x_wconf 84' lang='lat' dir='ltr'>Symbolo?</span> <span class='ocrx_word' id='word_1_256' title='bbox 714 1982 786 2032; x_wconf 78' lang='lat' dir='ltr'>uliud</span> <span class='ocrx_word' id='word_1_257' title='bbox 799 1993 882 2047; x_wconf 86' lang='lat' dir='ltr'>praeter</span> <span class='ocrx_word' id='word_1_258' title='bbox 898 1981 998 2033; x_wconf 86' lang='lat' dir='ltr'>Nubem</span> <span class='ocrx_word' id='word_1_259' title='bbox 1011 1983 1084 2046; x_wconf 84' lang='lat' dir='ltr'>igno-</span> 
     </span>
     <span class='ocr_line' id='line_1_28' title="bbox 174 2045 1084 2113; baseline -0.005 -14"><span class='ocrx_word' id='word_1_260' title='bbox 174 2063 208 2099; x_wconf 85' lang='lat' dir='ltr'>ro.</span> <span class='ocrx_word' id='word_1_261' title='bbox 253 2046 317 2097; x_wconf 83' lang='lat' dir='ltr'>Nam</span> <span class='ocrx_word' id='word_1_262' title='bbox 332 2045 400 2113; x_wconf 92' lang='lat' dir='ltr'>quod</span> <span class='ocrx_word' id='word_1_263' title='bbox 412 2045 455 2095; x_wconf 87' lang='lat' dir='ltr'>Vir</span> <span class='ocrx_word' id='word_1_264' title='bbox 469 2045 531 2097; x_wconf 85' lang='lat' dir='ltr'>Clar.</span> <span class='ocrx_word' id='word_1_265' title='bbox 551 2047 607 2098; x_wconf 85' lang='lat' dir='ltr'>dicit</span> <span class='ocrx_word' id='word_1_266' title='bbox 624 2046 757 2111; x_wconf 81' lang='lat' dir='ltr'>caliginem</span> <span class='ocrx_word' id='word_1_267' title='bbox 772 2047 934 2098; x_wconf 81' lang='lat' dir='ltr'>inducendam</span> <span class='ocrx_word' id='word_1_268' title='bbox 955 2045 1038 2103; x_wconf 81' lang='lat' dir='ltr'>fuille,</span> <span class='ocrx_word' id='word_1_269' title='bbox 1057 2062 1084 2094; x_wconf 79' lang='lat' dir='ltr'>ar</span> 
     </span>
     <span class='ocr_line' id='line_1_29' title="bbox 174 2110 1083 2178; baseline -0.002 -16"><span class='ocrx_word' id='word_1_270' title='bbox 174 2117 255 2163; x_wconf 81' lang='lat' dir='ltr'>Secreta</span> <span class='ocrx_word' id='word_1_271' title='bbox 271 2114 328 2173; x_wconf 76' lang='lat' dir='ltr'>adyti</span> <span class='ocrx_word' id='word_1_272' title='bbox 342 2113 405 2160; x_wconf 81' lang='lat' dir='ltr'>oculis</span> <span class='ocrx_word' id='word_1_273' title='bbox 418 2116 508 2160; x_wconf 81' lang='lat' dir='ltr'>onmium</span> <span class='ocrx_word' id='word_1_274' title='bbox 519 2125 634 2174; x_wconf 63' lang='lat' dir='ltr'>patrarent,</span> <span class='ocrx_word' id='word_1_275' title='bbox 653 2112 722 2177; x_wconf 83' lang='lat' dir='ltr'>plane</span> <span class='ocrx_word' id='word_1_276' title='bbox 736 2128 786 2162; x_wconf 85' lang='lat' dir='ltr'>non</span> <span class='ocrx_word' id='word_1_277' title='bbox 802 2115 878 2178; x_wconf 86' lang='lat' dir='ltr'>capio,</span> <span class='ocrx_word' id='word_1_278' title='bbox 895 2122 949 2162; x_wconf 83' lang='lat' dir='ltr'>tunt</span> <span class='ocrx_word' id='word_1_279' title='bbox 962 2110 1027 2176; x_wconf 86' lang='lat' dir='ltr'>quod</span> <span class='ocrx_word' id='word_1_280' title='bbox 1039 2126 1083 2174; x_wconf 84' lang='lat' dir='ltr'>ge·</span> 
     </span>
     <span class='ocr_line' id='line_1_30' title="bbox 175 2176 1083 2240; baseline -0.003 -11"><span class='ocrx_word' id='word_1_281' title='bbox 175 2176 279 2229; x_wconf 78' lang='lat' dir='ltr'>nesolius</span> <span class='ocrx_word' id='word_1_282' title='bbox 290 2177 363 2231; x_wconf 80' lang='lat' dir='ltr'>dixit,</span> <span class='ocrx_word' id='word_1_283' title='bbox 384 2178 548 2237; x_wconf 60' lang='lat' dir='ltr'>terrenitati,</span> <span class='ocrx_word' id='word_1_284' title='bbox 566 2179 713 2234; x_wconf 75' lang='lat' dir='ltr'>tumeliam,</span> <span class='ocrx_word' id='word_1_285' title='bbox 728 2193 756 2227; x_wconf 89' lang='lat' dir='ltr'>ne</span> <span class='ocrx_word' id='word_1_286' title='bbox 772 2177 813 2227; x_wconf 83' lang='lat' dir='ltr'>illa</span> <span class='ocrx_word' id='word_1_287' title='bbox 828 2177 1026 2233; x_wconf 79' lang='lat' dir='ltr'>oeulisomniom</span> <span class='ocrx_word' id='word_1_288' title='bbox 1039 2191 1083 2240; x_wconf 83' lang='lat' dir='ltr'>pe·</span> 
     </span>
     <span class='ocr_line' id='line_1_31' title="bbox 175 2238 1081 2306; baseline -0.004 -13"><span class='ocrx_word' id='word_1_289' title='bbox 175 2251 266 2297; x_wconf 89' lang='lat' dir='ltr'>terent,</span> <span class='ocrx_word' id='word_1_290' title='bbox 285 2256 341 2291; x_wconf 86' lang='lat' dir='ltr'>curn</span> <span class='ocrx_word' id='word_1_291' title='bbox 354 2240 398 2290; x_wconf 91' lang='lat' dir='ltr'>soli</span> <span class='ocrx_word' id='word_1_292' title='bbox 413 2238 523 2290; x_wconf 84' lang='lat' dir='ltr'>Pontifici</span> <span class='ocrx_word' id='word_1_293' title='bbox 537 2239 575 2291; x_wconf 87' lang='lat' dir='ltr'>lex</span> <span class='ocrx_word' id='word_1_294' title='bbox 591 2242 640 2293; x_wconf 81' lang='lat' dir='ltr'>lraec</span> <span class='ocrx_word' id='word_1_295' title='bbox 656 2245 709 2292; x_wconf 88' lang='lat' dir='ltr'>data</span> <span class='ocrx_word' id='word_1_296' title='bbox 724 2241 758 2292; x_wconf 81' lang='lat' dir='ltr'>fir.</span> <span class='ocrx_word' id='word_1_297' title='bbox 809 2241 848 2292; x_wconf 86' lang='grc' dir='ltr'>ΙΙΙ.</span> <span class='ocrx_word' id='word_1_298' title='bbox 867 2242 899 2292; x_wconf 87' lang='lat' dir='ltr'>lta</span> <span class='ocrx_word' id='word_1_299' title='bbox 916 2240 1014 2306; x_wconf 85' lang='lat' dir='ltr'>quidem</span> <span class='ocrx_word' id='word_1_300' title='bbox 1031 2241 1081 2298; x_wconf 86' lang='lat' dir='ltr'>est,</span> 
     </span>
     <span class='ocr_line' id='line_1_32' title="bbox 174 2304 1081 2372; baseline -0.004 -13"><span class='ocrx_word' id='word_1_301' title='bbox 174 2307 254 2359; x_wconf 81' lang='lat' dir='ltr'>funins</span> <span class='ocrx_word' id='word_1_302' title='bbox 269 2304 346 2358; x_wconf 84' lang='lat' dir='ltr'>suffitu</span> <span class='ocrx_word' id='word_1_303' title='bbox 361 2304 461 2356; x_wconf 90' lang='lat' dir='ltr'>accenso</span> <span class='ocrx_word' id='word_1_304' title='bbox 474 2315 542 2355; x_wconf 90' lang='lat' dir='ltr'>ortus</span> <span class='ocrx_word' id='word_1_305' title='bbox 557 2315 593 2371; x_wconf 67' lang='lat' dir='ltr'>tay</span> <span class='ocrx_word' id='word_1_306' title='bbox 607 2305 792 2363; x_wconf 68' lang='lat' dir='ltr'>Numidicum,</span> <span class='ocrx_word' id='word_1_307' title='bbox 811 2305 912 2356; x_wconf 87' lang='lat' dir='ltr'>sednon</span> <span class='ocrx_word' id='word_1_308' title='bbox 930 2305 1081 2372; x_wconf 79' lang='lat' dir='ltr'>simpliciter,</span> 
     </span>
     <span class='ocr_line' id='line_1_33' title="bbox 174 2370 1083 2439; baseline -0.003 -16"><span class='ocrx_word' id='word_1_309' title='bbox 174 2387 258 2423; x_wconf 84' lang='lat' dir='ltr'>verum</span> <span class='ocrx_word' id='word_1_310' title='bbox 274 2378 388 2439; x_wconf 63' lang='lat' dir='ltr'>muttum</span> <span class='ocrx_word' id='word_1_311' title='bbox 403 2380 439 2434; x_wconf 60' lang='grc' dir='ltr'>γᾶν</span> <span class='ocrx_word' id='word_1_312' title='bbox 453 2370 527 2420; x_wconf 77' lang='lat' dir='ltr'>Nubes</span> <span class='ocrx_word' id='word_1_313' title='bbox 532 2370 630 2432; x_wconf 61' lang='lat' dir='ltr'>stantius,</span> <span class='ocrx_word' id='word_1_314' title='bbox 646 2373 682 2421; x_wconf 89' lang='lat' dir='ltr'>uti</span> <span class='ocrx_word' id='word_1_315' title='bbox 695 2372 718 2421; x_wconf 75' lang='lat' dir='ltr'>dc</span> <span class='ocrx_word' id='word_1_316' title='bbox 729 2370 815 2422; x_wconf 78' lang='lat' dir='ltr'>Erech.</span> <span class='ocrx_word' id='word_1_317' title='bbox 830 2370 890 2422; x_wconf 84' lang='lat' dir='ltr'>Vlll</span> <span class='ocrx_word' id='word_1_318' title='bbox 906 2386 942 2421; x_wconf 88' lang='lat'>11.</span> <span class='ocrx_word' id='word_1_319' title='bbox 973 2372 1003 2422; x_wconf 76' lang='lat' dir='ltr'>At</span> <span class='ocrx_word' id='word_1_320' title='bbox 1013 2386 1083 2422; x_wconf 89' lang='lat' dir='ltr'>com-</span> 
     </span>
     <span class='ocr_line' id='line_1_34' title="bbox 175 2434 1083 2502; baseline -0.002 -14"><span class='ocrx_word' id='word_1_321' title='bbox 175 2447 236 2488; x_wconf 90' lang='lat' dir='ltr'>mate</span> <span class='ocrx_word' id='word_1_322' title='bbox 249 2450 271 2487; x_wconf 85' lang='lat'>2.</span> <span class='ocrx_word' id='word_1_323' title='bbox 289 2446 323 2502; x_wconf 68' lang='lat' dir='ltr'>tau</span> <span class='ocrx_word' id='word_1_324' title='bbox 338 2445 433 2486; x_wconf 89' lang='lat' dir='ltr'>tantum</span> <span class='ocrx_word' id='word_1_325' title='bbox 444 2436 580 2500; x_wconf 81' lang='lat' dir='ltr'>reperitur,</span> <span class='ocrx_word' id='word_1_326' title='bbox 600 2451 652 2502; x_wconf 82' lang='lat' dir='ltr'>quae</span> <span class='ocrx_word' id='word_1_327' title='bbox 670 2435 700 2485; x_wconf 89' lang='lat' dir='ltr'>de</span> <span class='ocrx_word' id='word_1_328' title='bbox 711 2434 783 2486; x_wconf 86' lang='lat' dir='ltr'>Nube</span> <span class='ocrx_word' id='word_1_329' title='bbox 802 2434 889 2487; x_wconf 80' lang='lat' dir='ltr'>suffitus</span> <span class='ocrx_word' id='word_1_330' title='bbox 906 2436 1008 2495; x_wconf 87' lang='lat' dir='ltr'>nullibi,</span> <span class='ocrx_word' id='word_1_331' title='bbox 1025 2436 1083 2486; x_wconf 86' lang='lat' dir='ltr'>licet</span> 
     </span>
     <span class='ocr_line' id='line_1_35' title="bbox 175 2501 1083 2567; baseline -0.001 -15"><span class='ocrx_word' id='word_1_332' title='bbox 175 2502 235 2553; x_wconf 89' lang='lat' dir='ltr'>ultra</span> <span class='ocrx_word' id='word_1_333' title='bbox 248 2510 287 2558; x_wconf 85' lang='lat'>80.</span> <span class='ocrx_word' id='word_1_334' title='bbox 302 2511 424 2558; x_wconf 84' lang='lat' dir='ltr'>occurrat,</span> <span class='ocrx_word' id='word_1_335' title='bbox 440 2501 589 2566; x_wconf 77' lang='lat' dir='ltr'>praedicatur,</span> <span class='ocrx_word' id='word_1_336' title='bbox 622 2501 646 2551; x_wconf 85' lang='lat' dir='ltr'>Si</span> <span class='ocrx_word' id='word_1_337' title='bbox 661 2509 697 2567; x_wconf 62' lang='lat' dir='ltr'>itu</span> <span class='ocrx_word' id='word_1_338' title='bbox 712 2502 882 2563; x_wconf 71' lang='lat' dir='ltr'>anemfiffrns</span> <span class='ocrx_word' id='word_1_339' title='bbox 895 2502 1009 2558; x_wconf 87' lang='lat' dir='ltr'>denotat,</span> <span class='ocrx_word' id='word_1_340' title='bbox 1022 2517 1083 2565; x_wconf 87' lang='lat' dir='ltr'>qua-</span> 
     </span>
     <span class='ocr_line' id='line_1_36' title="bbox 174 2563 1083 2637; baseline -0.002 -20"><span class='ocrx_word' id='word_1_341' title='bbox 174 2582 200 2617; x_wconf 88' lang='lat' dir='ltr'>re</span> <span class='ocrx_word' id='word_1_342' title='bbox 214 2582 235 2617; x_wconf 85' lang='lat' dir='ltr'>v.</span> <span class='ocrx_word' id='word_1_343' title='bbox 250 2580 284 2624; x_wconf 82' lang='lat'>13.</span> <span class='ocrx_word' id='word_1_344' title='bbox 301 2567 325 2615; x_wconf 82' lang='lat' dir='ltr'>dc</span> <span class='ocrx_word' id='word_1_345' title='bbox 337 2566 401 2631; x_wconf 88' lang='lat' dir='ltr'>apud</span> <span class='ocrx_word' id='word_1_346' title='bbox 415 2563 567 2617; x_wconf 84' lang='lat' dir='ltr'>Ezechielem</span> <span class='ocrx_word' id='word_1_347' title='bbox 579 2563 641 2617; x_wconf 84' lang='lat' dir='ltr'>Vlll¹</span> <span class='ocrx_word' id='word_1_348' title='bbox 658 2565 765 2627; x_wconf 79' lang='lat' dir='ltr'>adjicitur</span> <span class='ocrx_word' id='word_1_349' title='bbox 778 2577 903 2637; x_wconf 64' lang='lat' dir='ltr'>matutam,</span> <span class='ocrx_word' id='word_1_350' title='bbox 919 2568 986 2632; x_wconf 89' lang='lat' dir='ltr'>qood</span> <span class='ocrx_word' id='word_1_351' title='bbox 1001 2577 1083 2616; x_wconf 86' lang='lat' dir='ltr'>tamen</span> 
     </span>
     <span class='ocr_line' id='line_1_37' title="bbox 174 2629 1082 2696; baseline -0.001 -15"><span class='ocrx_word' id='word_1_352' title='bbox 174 2633 252 2682; x_wconf 85' lang='lat' dir='ltr'>minus</span> <span class='ocrx_word' id='word_1_353' title='bbox 266 2629 439 2686; x_wconf 83' lang='lat' dir='ltr'>neceffarium,</span> <span class='ocrx_word' id='word_1_354' title='bbox 457 2646 528 2696; x_wconf 80' lang='lat' dir='ltr'>qrram</span> <span class='ocrx_word' id='word_1_355' title='bbox 544 2631 568 2680; x_wconf 90' lang='lat' dir='ltr'>in</span> <span class='ocrx_word' id='word_1_356' title='bbox 588 2631 635 2682; x_wconf 88' lang='lat' dir='ltr'>hoc</span> <span class='ocrx_word' id='word_1_357' title='bbox 648 2630 736 2680; x_wconf 86' lang='lat' dir='ltr'>versu?</span> <span class='ocrx_word' id='word_1_358' title='bbox 752 2631 817 2683; x_wconf 86' lang='lat' dir='ltr'>Nam</span> <span class='ocrx_word' id='word_1_359' title='bbox 833 2631 877 2681; x_wconf 86' lang='lat' dir='ltr'>illis</span> <span class='ocrx_word' id='word_1_360' title='bbox 893 2633 916 2682; x_wconf 91' lang='lat' dir='ltr'>in</span> <span class='ocrx_word' id='word_1_361' title='bbox 932 2633 992 2682; x_wconf 84' lang='lat' dir='ltr'>lotis</span> <span class='ocrx_word' id='word_1_362' title='bbox 1003 2633 1082 2684; x_wconf 85' lang='lat' dir='ltr'>sermo</span> 
     </span>
     <span class='ocr_line' id='line_1_38' title="bbox 174 2693 1082 2763; baseline -0.004 -14"><span class='ocrx_word' id='word_1_363' title='bbox 174 2697 245 2749; x_wconf 83' lang='lat' dir='ltr'>eilde</span> <span class='ocrx_word' id='word_1_364' title='bbox 256 2693 335 2748; x_wconf 85' lang='lat' dir='ltr'>suffitu</span> <span class='ocrx_word' id='word_1_365' title='bbox 349 2695 459 2754; x_wconf 81' lang='lat' dir='ltr'>incenso,</span> <span class='ocrx_word' id='word_1_366' title='bbox 477 2695 542 2748; x_wconf 86' lang='lat' dir='ltr'>unde</span> <span class='ocrx_word' id='word_1_367' title='bbox 557 2695 625 2750; x_wconf 85' lang='lat' dir='ltr'>facile</span> <span class='ocrx_word' id='word_1_368' title='bbox 637 2696 736 2750; x_wconf 86' lang='lat' dir='ltr'>Nubem</span> <span class='ocrx_word' id='word_1_369' title='bbox 752 2696 896 2750; x_wconf 84' lang='lat' dir='ltr'>artificialem</span> <span class='ocrx_word' id='word_1_370' title='bbox 911 2697 1016 2763; x_wconf 80' lang='lat' dir='ltr'>colligo:</span> <span class='ocrx_word' id='word_1_371' title='bbox 1034 2695 1082 2746; x_wconf 84' lang='lat' dir='ltr'>Hic</span> 
     </span>
    </p>

    <p class='ocr_par' dir='ltr' id='par_1_5' title="bbox 875 2776 1081 2814">
     <span class='ocr_line' id='line_1_39' title="bbox 875 2776 1081 2814; baseline 0.005 -3"><span class='ocrx_word' id='word_1_372' title='bbox 875 2784 876 2787; x_wconf 40' lang='lat'>¹</span> <span class='ocrx_word' id='word_1_373' title='bbox 1021 2776 1081 2814; x_wconf 77' lang='lat' dir='ltr'>aero</span> 
     </span>
    </p>
   </div>
   <div class='ocr_carea' id='block_1_4' title="bbox 0 0 1197 3134">
    <p class='ocr_par' dir='ltr' id='par_1_6' title="bbox 0 0 1197 3134">
     <span class='ocr_line' id='line_1_40' title="bbox 0 0 1197 3134; baseline 0 0"><span class='ocrx_word' id='word_1_374' title='bbox 0 0 1197 3134; x_wconf 95' lang='lat' dir='ltr'> </span> 
     </span>
    </p>
   </div>
  </div>
 </body>
</html>
