2297 3134
140 225 196 295 324
413 209 497 268 Lean.
515 202 658 266 XXIII.
673 226 715 277 31.
729 228 772 277 32.

207 320 229 378 ἐ.
253 330 305 381 507.
326 316 444 372 Nondum
455 317 561 367 occurrit
575 315 743 367 determinatio
756 316 805 368 loci
821 333 827 368 ε
845 324 869 367 In
881 319 976 368 nomilia
993 318 1051 367 labi.

144 384 257 432 tan'onilus
267 389 356 447 valate,
371 400 423 448 qna
436 382 497 431 telle
511 381 665 445 Intelligenda
678 383 716 433 est.
758 380 816 433 Non
833 383 863 433 de
875 394 925 435 tota
943 384 1009 450 Lege
1024 394 1051 434 ut

146 450 283 512 expiatione
296 457 337 514 pet
351 447 473 501 sacrificia,
492 460 537 497 ceu
551 462 603 512 quac
618 446 713 510 alligata
724 445 754 496 ad
773 462 849 497 unum
865 448 968 507 locum,
991 449 1053 500 olint

145 513 350 571 Tabernaculutn,
369 511 449 577 pollea
458 509 608 576 Templum,
623 510 661 562 sed
675 510 705 561 de
718 509 828 577 servanda
842 514 939 577 quiete,
958 513 1052 564 servan-

144 578 179 629 do
191 594 290 644 quoqne
300 579 395 640 jejunio.
432 575 539 627 Israelitae
550 577 663 642 quasdam
674 576 826 638 solennitates
836 576 908 629 sacras
918 579 1012 628 nonnisi
1025 582 1050 628 in

146 659 197 693 nno
211 644 267 693 loeo
278 658 347 706 agere
360 649 491 707 poterant,
511 653 538 692 ut
555 642 654 692 ntaIIare
671 657 760 707 agnum
775 641 925 705 paschalem,
943 643 981 693 sed
1001 644 1054 694 alian

146 710 236 773 nilque
247 708 357 758 locorum
370 706 475 772 agendae.
508 705 582 758 Unde
594 707 634 757 lex
644 707 749 758 dillintle
758 709 789 757 ait
801 722 806 755 ε
817 714 850 756 ,In
860 710 954 756 oianibns
968 706 1050 759 habita,-

143 774 234 821 -n'oaibns
245 776 314 835 vesicis
326 786 347 821 v.
366 770 442 822 Exod.
455 770 511 823 Xll.
525 786 563 821 20.
590 772 763 824 Abstinendum
780 783 828 823 erat
840 771 853 822 ὲι
865 772 985 822 fermento
998 789 1052 828 non,

145 838 222 890 solunt
236 838 259 887 in
271 836 328 887 loco
342 836 407 888 sacro
420 837 584 887 fedol-tinibus
595 839 619 887 in
633 837 709 894 locis,
727 839 750 887 in
767 838 853 903 quibus
870 835 945 902 Jodaei
959 837 1052 888 habita*

144 903 206 952 bant.
248 900 335 952 Eadem
355 903 415 952 rati0
429 900 542 952 Sabbathi
559 904 696 951 communis
712 918 732 952 v.
749 902 806 953 Lev.
821 901 914 954 XXIII.
928 917 947 961 3.
968 901 1050 954 Docet

142 967 223 1032 ltaque
236 965 276 1016 lex
289 966 340 1018 haec
354 965 465 1017 Israelitas
484 977 536 1016 non
552 968 628 1016 teneri
643 966 673 1016 ad
688 970 888 1031 comparitionein
907 971 930 1016 in
944 967 1053 1032 Templo

143 1029 190 1082 DIe
205 1029 373 1090 Expiationis,
391 1040 418 1082 ut
429 1033 453 1082 in
468 1030 547 1089 sestis,
564 1046 764 1097 unumquemque
781 1034 805 1082 in
820 1033 910 1084 aedibus
928 1033 972 1083 sats
989 1033 1051 1085 hanc

141 1096 204 1149 diem
218 1095 384 1159 jejunando&
397 1095 543 1163 quiescendo
556 1095 679 1149 observare
689 1098 783 1148 debere.

206 1210 228 1266 ς,
245 1214 297 1266 508.
316 1204 443 1260 Clauditur
450 1203 558 1272 Epilogo
571 1219 592 1255 v.
609 1218 644 1265 32.
662 1205 788 1256 Sabbatlium
800 1206 899 1256 Sabbatlti
908 1206 947 1255 hac
957 1212 998 1257 erit
1011 1226 1049 1257 vo-

139 1270 183 1328 bit,
201 1271 231 1331 {cl
242 1276 335 1336 affligetis
344 1278 423 1322 anianae
432 1275 508 1334 vestras
525 1269 600 1334 (dle)
618 1289 672 1323 nona
687 1276 791 1320 mannia
805 1272 888 1335 vespera
901 1291 909 1328 ,·
928 1278 949 1320 A
965 1274 1049 1336 vespera

139 1338 169 1385 ad
178 1338 281 1400 vesperam
293 1335 419 1387 Sabineium
434 1341 506 1400 agetis.
549 1333 670 1387 Tradente
688 1336 734 1387 diei
748 1335 921 1402 praestantiam,
937 1352 1049 1388 commu-

138 1403 177 1458 nia
189 1399 285 1459 officia,
303 1417 436 1467 eorumque
451 1409 562 1456 curatum
577 1410 679 1468 tempta.

206 1500 228 1561 ᾗ.
245 1514 297 1563 509.
316 1497 448 1553 Praellttntia
465 1498 513 1549 diei
528 1515 533 1548 ζ
551 1499 677 1550 Sablntlnnn
689 1497 788 1550 Sahlala·
800 1498 917 1555 laocoobit,
937 1497 983 1548 five
999 1478 1050 1551 illes

139 1563 353 1690 l'tptplstngulptiter
366 1563 509 1629 quiescendo
525 1565 619 1628 agenda
633 1567 684 1615 erit.
703 1563 734 1619 V.
752 1563 848 1629 plenius
864 1563 924 1613 etna
944 1563 973 1614 ad
989 1561 1046 1615 Lev.

160 1684 162 1687 ,
205 1668 210 1680 .
227 1644 262 1690 30.
283 1666 304 1695 A,
320 1642 375 1694 441.

181 1722 183 1727 ’
205 1727 225 1787 ἕ,
243 1741 294 1789 510.
319 1724 356 1778 Ex
374 1724 459 1777 officiis
480 1725 651 1778 communibus
665 1727 769 1792 pritnuni
787 1742 793 1775 :
820 1731 846 1775 Et
862 1729 955 1791 affligetis
968 1732 1047 1778 anonas

139 1798 222 1856 vestras.
250 1792 327 1853 Quod
338 1803 406 1843 tanto
419 1793 495 1856 magis
508 1791 677 1849 monendum,
695 1792 795 1856 eoquod
811 1791 854 1840 alia
866 1791 981 1842 Sabbatha
995 1809 1047 1844 non
1136 1823 1137 1827 =

138 1859 248 1923 obligent
260 1858 289 1908 ad
300 1856 452 1907 afflictionem
465 1858 550 1908 animae
569 1873 574 1906 :
592 1855 663 1908 Liber
674 1866 724 1908 erat
736 1856 789 1909 usus
803 1856 848 1906 cibi
862 1866 989 1924 potusque.
1007 1858 1047 1910 De

137 1923 186 1978 hoe
199 1922 280 1975 officio
292 1922 373 1989 sapsas
384 1921 470 1975 attam.

201 2026 223 2082 ς.
238 2030 291 2084 511.
311 2021 436 2072 Alterum:
459 2020 586 2072 Sabbatlinm
601 2025 671 2085 agetis.
704 2018 822 2070 HebraIce
835 2019 981 2074 sabbatinam
995 2022 1046 2070 Sab-

139 2088 224 2137 lntlnnn
238 2091 336 2150 oestrum.
368 2086 440 2138 More
454 2089 480 2143 in
496 2087 579 2150 lingua
590 2085 706 2136 Hebraico
722 2100 772 2134 non
787 2084 914 2141 inusitato,
931 2089 965 2136 uti
980 2087 1046 2136 laturi

138 2158 230 2202 latinam
243 2166 262 2201 a.
274 2151 335 2215 Reg,
346 2151 362 2202 1.
372 2164 409 2211 40.
438 2151 514 2213 Quies
528 2153 575 2213 jain
589 2160 705 2216 praccepta
722 2149 822 2214 simplici
838 2151 912 2200 verbo
925 2166 932 2211 ;
950 2152 1045 2213 Quiesce-

136 2226 170 2271 n's.
204 2216 339 2330 lntppditur
352 2227 497 2281 pracceptum
520 2215 632 2267 addendo
649 2215 776 2267 Salbatlum
790 2213 909 2278 vestram&
932 2213 988 2265 Deo
1003 2231 1043 2268 vo·

137 2285 173 2333 bis
186 2288 242 2331 nian‘
260 2291 330 2331 atum.

204 2384 226 2440 ς.
246 2391 297 2440 512.
313 2376 424 2429 Curatior
439 2377 606 2428 determinati0
622 2377 737 2441 temporis
754 2377 777 2424 ln
792 2375 869 2426 verbis
885 2392 891 2425 ε
917 2384 942 2427 In
960 2379 994 2428 die
1005 2397 1044 2429 nn-

135 2465 162 2496 ω
174 2445 243 2505 menfis
257 2450 279 2492 in
295 2444 377 2507 vespera
392 2444 422 2492 ad
435 2444 539 2506 vesperam
548 2478 555 2499 ‚
572 2442 681 2491 nonltlltll
696 2438 821 2491 difficilior.
874 2441 995 2494 Nonnulli
1007 2461 1043 2494 re-

135 2513 217 2561 ferunt
238 2508 331 2559 nonnili
342 2510 370 2558 ad
381 2508 542 2564 Sabbathuna,
559 2518 585 2556 nt
598 2505 719 2561 Oncelos‚
739 2504 818 2557 LXX,
837 2506 926 2572 Syrus,
945 2508 1043 2572 Tiguri-

136 2578 174 2632 ni,
188 2573 322 2630 haberat,
336 2573 449 2630 Piscator,
466 2573 488 2624 S.
499 2572 644 2638 ScInnIdiua
695 2570 739 2621 Alii
750 2570 844 2621 nonnisi
862 2573 891 2621 acl
909 2573 1041 2635 jejunium,

135 2642 168 2692 uti
180 2642 259 2693 tlrabs.
294 2639 339 2690 lllii
352 2639 514 2703 distinguunt,
537 2653 566 2687 ex
582 2636 617 2685 his
636 2635 772 2700 Volgatus:
797 2642 898 2702 Affligen's
912 2644 991 2687 animas
1006 2659 1042 2690 ne.

126 2708 226 2772 stiaedie
239 2723 292 2767 nono
305 2703 380 2767 aieifis.
419 2706 439 2753 A
453 2707 535 2770 vespera
550 2702 579 2750 ad
592 2703 695 2768 oppetam
710 2702 839 2755 celebrabitis
850 2701 954 2753 Sabbatha
968 2708 1039 2768 vestra.

956 2802 960 2806 -
994 2767 1041 2822 llic
