2297 3134
160 305 216 361 540
508 280 552 337 De
570 280 732 338 Vitlirnrrurn

161 398 208 447 dere
220 398 294 453 valet,
310 406 335 444 ert
344 393 373 456 fit
389 396 416 441 aa
431 388 521 436 ’adraim
538 390 602 441 vobis.
645 397 689 441 Vox
703 400 750 457 pt't
763 394 787 438 irr
802 391 882 454 Lirrgrla
898 390 1019 442 Gatra'eft
1032 406 1069 455 ap·

157 468 258 527 patrinae.
294 459 366 511 Recte
386 456 526 522 Ereithaupt
539 455 598 521 legit
615 464 727 509 phurnut<
745 454 776 498 vel
793 454 853 499 eriam
869 463 982 508 ethomme
1001 457 1068 524 quod

160 528 194 579 cll
206 527 331 579 Gallorum
344 525 487 588 apprifernerrt.

226 631 248 685 §i
265 607 432 675 LXXXVI
442 621 457 670 l.
477 615 609 671 Fortiffime
627 622 658 670 ita
672 618 805 684 Legislator
823 618 948 684 compellit
961 620 989 671 ael
1003 621 1068 671 vim.

160 707 210 742 oras
228 693 330 753 integras
344 686 400 738 Deo
419 685 590 742 offerendum„
607 693 704 736 coercet
722 701 778 734 tero
795 687 823 735 ab
839 687 961 735 oblatione
976 686 1048 736 vitios
1058 718 1068 728 -

160 773 220 806 rum.
256 755 353 819 Sapiens
370 753 450 803 cultor
463 751 522 801 nihil
534 752 632 817 perinde
649 750 775 806 desiderat,
790 766 860 815 quam
878 753 964 796 Μακέων
980 752 1067 801 berrenn-

158 824 244 871 lentim
258 819 393 875 Numinh,
415 819 501 866 metuit
519 833 576 866 vero
592 816 763 881 displicentiam
781 832 807 865 ac
825 819 882 866 ira'm
901 818 957 877 ejus,
1008 816 1067 868 ldeo

159 899 262 952 quoque
279 884 339 934 sacra
353 883 410 934 Deo
427 882 502 939 facit,
524 892 550 932 ut
568 882 665 945 accepta
679 880 724 929 fint
740 896 768 931 ac
786 880 926 931 offerentem
941 892 1067 947 acceptum

159 951 273 1006 reddant,
287 952 320 999 ex'
333 947 431 999 adverso
447 950 513 1004 iram,
530 947 544 996 sr
562 963 634 1012 quam
652 946 718 995 malis
729 948 836 996 moribus
850 947 961 997 hattenus
974 963 1028 1011 erga
1046 947 1068 997 se

159 1016 315 1081 provocavit,
334 1022 458 1074 avertant3
477 1028 549 1077 quare
566 1015 659 1075 integra
676 1011 737 1060 saera
753 1014 796 1061 rite
810 1012 910 1062 helarus
922 1023 1015 1078 poterat
1026 1011 1067 1062 sibi

158 1080 238 1131 bDeo
249 1080 390 1145 promittere
405 1078 484 1129 cultus
498 1077 531 1126 sui
545 1079 743 1142 apprbarionem,
764 1077 908 1126 benevolam
923 1079 1067 1141 acceptatio*
1119 1100 1121 1103 >

158 1163 229 1202 nem,
241 1147 340 1210 gratiam
357 1160 383 1194 ac
399 1143 591 1208 benedictionem
602 1142 714 1197 divinum,
729 1141 766 1190 sed
778 1141 859 1191 vitiosa
874 1141 976 1191 offerens
984 1141 1066 1193 Deum

158 1221 272 1276 expertus
285 1217 335 1260 erat
350 1210 430 1260 attunt
444 1207 514 1258 huoc'
525 1207 648 1271 religionis
660 1207 825 1263 fastidientem,
838 1209 1006 1263 damnantem,
1022 1209 1066 1257 ira-

157 1277 262 1327 scentem
275 1291 302 1326 ac
310 1275 398 1338 judicia
409 1273 558 1323 inserentem.
593 1272 665 1323 Disce
679 1272 741 1322 hanc
757 1274 805 1321 vim
821 1274 886 1322 vocis
904 1281 951 1336 pta
966 1272 987 1312 ὅ(
1000 1281 1066 1327 natm

156 1340 446 1407 exsequentibusloeis:
474 1337 744 1395 Deaexxrrurzr.
775 1336 844 1387 Prnr.
862 1336 908 1388 m.
922 1351 940 1387 1.
969 1336 1024 1388 Xll.
1042 1351 1063 1387 2.

158 1405 229 1459 XlX.
246 1419 281 1455 12.
299 1404 355 1456 Pm.
365 1405 394 1456 V.
406 1418 427 1465 7.
448 1402 503 1455 Psal.
518 1402 620 1454 CXLV.
633 1410 667 1451 16.
684 1401 727 1468 Jes.
744 1400 809 1453 LXI.
825 1416 846 1451 a.
928 1433 935 1441 κ

222 1505 244 1564 §.
265 1502 461 1555 LXXXVlll.
487 1502 518 1552 At
530 1501 603 1567 paulo
622 1504 722 1567 propius
739 1499 909 1567 inquirendum
926 1500 974 1558 est,
993 1516 1065 1566 quare

156 1570 225 1622 Deus
244 1568 353 1619 sacrificia
370 1570 464 1632 integra
479 1567 522 1617 fibi
541 1567 664 1617 offerenda
681 1568 833 1631 preceperit,
858 1582 933 1630 eaque
948 1567 1065 1616 benevole

157 1634 296 1699 accipienda
309 1632 458 1696 promiserit,
476 1647 504 1680 ac
518 1631 600 1679 uitiosa
614 1633 643 1681 ab
656 1648 693 1680 ara
705 1631 855 1695 prohibuerit
868 1646 895 1679 ac
911 1645 994 1679 eorum
1007 1632 1065 1680 abo-

155 1700 313 1749 minationem
324 1699 429 1760 graviter
447 1695 613 1744 interminatus
630 1695 708 1743 suerit.
758 1694 859 1757 Duplex
874 1696 979 1743 maxime
995 1694 1064 1756 hujus

155 1764 229 1813 divini
241 1763 339 1812 instituti
355 1759 421 1810 causa
440 1760 478 1808 est.
534 1758 586 1807 Una
599 1770 678 1823 aperta
693 1757 744 1808 satis
761 1759 785 1807 de
804 1771 856 1822 quae
866 1757 933 1807 facile
948 1758 1078 1810 observari

155 1828 241 1895 potest.
276 1825 354 1877 Altera
367 1824 464 1875 occulta
476 1824 552 1888 magis
568 1839 595 1873 ac
612 1824 715 1889 mystica.
749 1822 789 1874 De
803 1822 841 1873 illa
852 1825 965 1888 primum.

220 1939 241 1995 ἓ.
257 1931 437 1985 LXXXIX.
456 1931 564 1982 Deusesl
583 1942 640 1984 “1733
654 1927 689 1984 ‘rte
703 1931 750 1981 orde
765 1931 840 1991 ssim,
858 1939 914 1982 Deru
922 1934 1007 1998 glorie,
1022 1935 1063 1999 qui

155 2000 315 2051 humillimam
332 1998 365 2049 sui
379 1999 530 2063 agnitionem
546 2012 573 2046 ac
589 1995 736 2060 profundam
751 2000 930 2056 venerationem
944 1999 957 2049 a
971 2010 1063 2049 ereatu-

154 2069 186 2116 ris
197 2065 384 2129 intelligentibus
399 2063 510 2129 postulat.
550 2061 614 2112 Talin
626 2063 731 2112 nraainre
746 2064 774 2113 ab
786 2063 867 2114 israele
877 2064 1003 2128 agnosci&
1015 2065 1063 2114 coli

155 2131 266 2187 volebat,
280 2138 365 2193 utpote
381 2127 499 2192 hugalare
519 2144 575 2179 cum
589 2127 631 2177 illo
644 2128 725 2178 lnedus
739 2130 863 2194 pepigerat
877 2142 947 2193 atque
959 2129 1013 2179 ideo
1027 2130 1062 2179 so-

154 2195 255 2245 lenniter
270 2194 383 2244 honorati
397 2193 497 2257 jusserat.
550 2192 637 2243 Forma
652 2195 793 2257 regiminis,
813 2211 859 2259 qua
878 2194 981 2258 popolus
995 2194 1062 2244 lsrael

155 2263 293 2325 regebatur,
314 2259 459 2308 theocratica
473 2266 522 2308 erat
539 2295 545 2314 ,
564 2258 742 2322 habebaturque
757 2258 849 2324 Jehora
864 2261 912 2319 ejus
926 2259 976 2308 Rex
989 2275 1061 2321 pecu-

154 2326 205 2375 liari
218 2325 311 2389 prorsus
326 2326 424 2374 ratione.
460 2323 542 2383 Quare
557 2333 582 2372 ut
595 2325 618 2371 in
633 2323 682 2372 aliis
697 2325 774 2374 cultus
790 2340 817 2373 ae
832 2324 973 2373 obedientiae
991 2326 1062 2388 parti-

154 2393 220 2447 bus,
240 2390 271 2439 src
284 2392 308 2439 in
327 2388 442 2440 sacrificiis
459 2387 586 2452 nragnitice
607 2387 731 2437 habendus
748 2404 775 2437 ac
792 2388 930 2438 exaltandus
946 2399 994 2438 erat
1004 2405 1011 2449 3
1030 2390 1070 2440 rlt‘

155 2472 213 2506 aero
230 2448 336 2505 sacrificia
349 2454 422 2511 vilia,
442 2454 591 2515 rejectanea,
609 2451 706 2508 vitiosa,
721 2462 828 2516 aegrota,
847 2453 954 2503 morbida
967 2455 987 2503 ei
1002 2470 1061 2504 con-

153 2521 239 2571 secrata
251 2536 323 2586 quam
345 2521 449 2569 nranime
465 2518 614 2581 Maiestatem
632 2518 681 2580 ejus
696 2516 863 2568 dedecuissent.
908 2518 980 2570 Dona
997 2521 1061 2569 enim

154 2588 267 2636 testantur
280 2595 330 2635 tum
347 2585 376 2634 de
395 2586 477 2634 animo
492 2582 635 2637 offerentis,
656 2592 708 2631 turn
729 2584 798 2632 etiam
818 2583 920 2634 claritate
937 2586 1004 2647 ejus,
1022 2586 1061 2634 coi

153 2653 281 2702 donantur.
333 2649 384 2711 Qui
403 2651 483 2715 itaque
502 2648 589 2710 abjecta
604 2646 724 2704 offerunt,
749 2649 868 2699 declarant
884 2649 904 2698 se
927 2649 1015 2710 abjetle
1031 2649 1060 2697 de

153 2716 209 2767 Deo
225 2716 324 2774 sentire,
340 2716 398 2764 alios
412 2714 499 2765 habere
515 2715 691 2763 eminentiores.
736 2713 820 2775 Quum
837 2730 935 2763 munera
949 2713 1060 2764 teletlilli-

153 2798 207 2841 ma,
222 2783 309 2833 eximia
323 2781 433 2851 testatum
444 2781 532 2832 saciant
542 2777 625 2829 Deum
641 2790 774 2830 reverenter
786 2779 841 2838 coli,
851 2781 930 2837 anari,
940 2780 996 2834 aliis,
1008 2782 1060 2844 qui-

965 2860 1060 2910 conque
