2297 3134
411 214 494 273 Lavit.
511 210 603 271 XVI.
621 223 718 281 13·140
960 224 1014 271 aot

125 326 206 379 instar
216 325 350 379 ascenderet
361 324 390 378 ad
407 324 488 370 tantia
501 320 555 383 Des,
591 325 642 371 Haec
651 334 702 367 vero
714 336 722 364 .·
740 312 812 365 Solus
822 311 934 367 Pontifex
946 325 1014 368 tene-

74 433 76 435 .
136 395 206 445 batur
219 393 248 443 ad
264 397 346 458 ¹napta
361 392 446 458 planura
460 387 541 451 prunis
560 386 653 447 ignitis,
670 384 742 447 plenus
756 378 864 452 pugillus
877 392 1013 433 aromatum

135 457 288 509 minutissime
312 454 487 510 commotum,
510 462 588 497 ruinam
609 450 671 505 uelo,
700 444 832 510 ingressum
856 446 881 494 in
906 444 1011 496 sanstissi-

135 540 203 574 mum
224 525 247 574 ἃ
270 522 434 573 incensionem
450 516 587 565 immediate
602 528 684 565 corant
703 512 760 565 Deo
780 512 847 568 nube
863 509 947 561 {vatter
967 509 1014 563 ho·

134 589 253 640 notando.

102 695 155 749 ill.
173 702 206 747 At
223 706 303 761 quarata
316 694 426 754 disparitas
440 692 497 737 iuter
510 690 632 752 Parusficem
644 687 786 739 Astarunicum
801 687 832 747 Ed
843 690 964 755 Pontificem
976 690 1013 747 Je-

129 765 179 825 fiuu
195 760 296 821 Christum
303 758 424 816 siffeutem.
477 751 519 803 llle
533 749 586 803 usus
599 751 650 802 vase
664 755 765 804 terrestri
778 792 783 810 .
803 769 877 805 aureo
891 752 964 809 licet,
982 748 1013 804 ad

134 840 222 890 prunas
244 837 275 871 eit
291 821 361 883 liguis
377 818 507 868 combustis
523 817 547 866 in
567 819 699 869 summitate
713 835 757 870 arae
782 818 877 871 visibilis
895 831 1013 884 promen·

135 891 200 937 dum.
245 887 281 935 ‘At
294 884 334 932 hie
352 885 426 932 utitur
446 884 503 947 igne
521 882 603 932 divino
619 894 702 934 mente
721 895 806 934 aeterna
825 878 1010 949 comprehensu.

135 950 180 1001 llle
193 950 303 998 sumserat
321 947 387 1011 plura
403 950 427 997 bt
440 949 502 998 varia
518 957 623 997 aromata
642 950 780 999 naturaliter
803 949 963 999 suaveolentia
985 948 1011 997 in

134 1015 251 1064 mortario
269 1013 347 1078 probe
358 1013 472 1070 contusa,
493 1011 531 1062 sed
549 1012 589 1062 hic
605 1010 675 1062 sumit
700 1023 806 1064 aromata
822 1010 1011 1077 supernaturalia

132 1077 180 1129 sive
195 1094 278 1144 preces
289 1076 339 1128 suas
352 1078 448 1129 suorum
469 1093 498 1127 ue
512 1074 639 1142 plurimas,
656 1078 770 1129 excorde
784 1077 938 1129 comminuto
952 1091 1010 1142 pro-

132 1143 214 1201 tetras,
228 1159 283 1194 vere
300 1144 323 1192 iu
342 1143 436 1192 natibus
479 1144 500 1193 ei
512 1151 594 1205 gratas.
643 1141 685 1191 llse
701 1142 770 1193 nudt's
787 1144 888 1208 pedibus
900 1143 952 1206 post
969 1156 1008 1191 ve-

132 1209 183 1259 lum
197 1224 269 1258 mauu
288 1207 416 1257 homiuum
432 1216 577 1257 contextum
594 1208 619 1256 iu
638 1206 802 1270 faustissimum
821 1207 951 1258 consimilis
967 1222 1009 1256 na·

133 1284 191 1323 turae
208 1277 279 1323 intrat
293 1273 449 1338 incenditque
463 1281 568 1322 aromata
585 1272 696 1322 naturalia
713 1274 810 1324 sutirum
825 1272 854 1323 ad
873 1271 1007 1337 tegendum

131 1338 288 1404 symbolicam
307 1337 419 1387 Numinis
435 1337 580 1401 praesentiam
599 1336 722 1387 causantia.
773 1335 865 1387 Verum
882 1337 921 1388 hic
933 1347 1007 1400 rupto

132 1404 209 1454 earnis
225 1402 269 1452 suae
280 1401 336 1451 *telo
352 1403 461 1450 manibus
470 1402 570 1466 Spiritus
578 1399 600 1463 S.
616 1411 685 1452 texto
699 1404 724 1451 in
739 1402 815 1466 ipsum
829 1402 920 1452 eoelum
935 1403 1008 1451 intrat

132 1466 223 1517 causam
239 1466 341 1516 nostram
358 1465 423 1530 apud
435 1476 526 1529 patrem
539 1465 650 1521 atturuS,
669 1469 742 1515 verius
761 1466 938 1516 benedictiones
956 1480 1007 1515 cue·

131 1531 200 1582 lestes
214 1532 238 1580 in
251 1546 296 1580 nus
309 1530 445 1580 eustatmus.
488 1530 530 1579 ille
545 1528 737 1594 ingrediebatur,
751 1546 812 1585 mox
827 1531 1008 1595 egrediebatur,
1042 1540 1044 1543 ·

131 1607 241 1647 vertente
255 1611 319 1646 anuo
343 1596 424 1645 denuo
447 1595 624 1660 ingrediebatur
646 1596 867 1662 egrediebaturque.
917 1597 948 1646 At
968 1594 1009 1646 hic

131 1665 220 1706 uerrere
235 1663 260 1710 in
276 1660 379 1710 Throno
393 1660 520 1722 Maiestatis
540 1659 604 1709 sedet
623 1664 649 1710 εἰς
667 1667 692 1708 το·
707 1665 838 1724 irremotam
857 1659 911 1726 subp
929 1664 1010 1720 spati,

131 1728 203 1780 unica
216 1726 339 1777 oblatione
352 1727 376 1777 de
389 1728 527 1791 expiatione
543 1724 642 1791 perasta.

97 1835 145 1890 IV.
164 1837 281 1898 Periculosa
293 1837 345 1898 fiant
355 1850 446 1900 precer,
467 1836 616 1897 iutercffuaes
640 1842 703 1886 etiam
718 1841 840 1901 Poatpscum
857 1841 975 1892 interris,
988 1835 1010 1897 fi

129 1900 212 1957 disput
227 1903 256 1959 Ed
271 1908 338 1950 curru}
353 1915 410 1950 rnatu
421 1903 562 1963 florulentae,
588 1900 634 1963 ipfis
644 1902 777 1964 precantibus
794 1914 883 1950 inertem
897 1899 1006 1964 urcffaut.

128 1965 204 2033 Judaei
220 1983 269 2016 non
288 1977 390 2029 negant,
409 1965 519 2029 publicos
537 1968 616 2028 gentis
627 1964 671 2015 suae
684 1971 806 2023 oratores²
825 1966 923 2032 quando
941 1966 1007 2015 vide-

75 2033 81 2044 '
129 2034 218 2146 bamus}
233 2033 332 2145 grassam
348 2029 396 2081 Dei
415 2046 461 2095 pro
478 2030 573 2096 populo
596 2028 721 2095 flagitare,
741 2031 890 2082 horribiliter
901 2029 1007 2096 flagella·

130 2107 169 2149 tos
184 2114 196 2145 e
214 2096 260 2147 eb
299 2111 336 2145 eo.

165 2213 188 2270 ς.
202 2222 256 2268 233.
275 2206 376 2266 Nouum
387 2242 394 2264 ,
407 2205 473 2272 quod
493 2204 579 2257 ordine
591 2205 697 2272 sequitur
711 2245 718 2266 ,
735 2207 875 2258 mandatum
894 2205 1007 2260 Pontifici

96 2285 179 2338 datum
199 2285 229 2335 de
253 2285 386 2350 spargendo
409 2279 522 2347 sanguiue
546 2281 642 2345 juvenci
659 2283 695 2334 his
722 2285 800 2336 turbis
818 2285 910 2338 constat
927 2302 948 2337 v.
968 2299 1004 2349 14.

95 2377 188 2422 aarum
207 2368 269 2421 ndu
298 2380 367 2424 riu-n
388 2375 479 2419 nuum
510 2375 545 2418 uu
565 2368 596 2426 brt
615 2380 704 2426 murm
718 2383 775 2427 ,aaut
794 2381 845 2425 auri
864 2361 934 2425 :auu
949 2368 1008 2428 nebi

95 2454 187 2511 tputuz
207 2455 274 2495 :Tru
297 2454 323 2507 trs
348 2451 437 2503 muto
458 2445 513 2505 pau
533 2453 566 2492 tw
592 2449 645 2492 Tam
671 2459 727 2493 amet
740 2446 765 2492 de
773 2445 971 2509 fiaaguiaejuveuci
982 2445 1008 2492 r's-

95 2521 177 2580 ssus&
190 2522 274 2586 sparget
294 2522 361 2583 digitu
377 2520 417 2580 fua
441 2532 492 2582 uper
507 2521 625 2580 operculum
637 2527 811 2585 propitiatorium
833 2535 903 2572 artum
919 2520 1007 2581 verfitrt

94 2616 170 2652 verum
183 2611 232 2647 ante
247 2602 421 2662 propitiatorituu
431 2596 509 2658 septem
520 2595 600 2645 uicibus
611 2597 636 2645 de
647 2598 749 2661 sciamusne
760 2601 793 2648 illo
802 2599 894 2663 sparget.
912 2595 1007 2647 ATex·

94 2684 122 2729 tu
131 2676 247 2743 originali
260 2676 350 2729 recedit
364 2674 504 2739 vulgatus,
525 2675 701 2731 confundendo
722 2679 747 2730 ἅ
764 2678 874 2731 tollendo
891 2692 931 2733 ea,
953 2688 1007 2739 <111ae

533 2752 580 2805 Η
976 2751 1009 2804 ad
