2380 3134
462 205 705 266 PRAEFATiO
742 201 976 263 AUCTORIS.

264 338 309 396 vel
327 341 404 399 Parte
415 338 480 396 Diei
496 334 595 394 nonaed
610 332 720 407 Vespera
732 333 765 390 ad
781 332 922 408 Vespetam
938 336 1002 393 Diei
1016 334 1124 416 decimae
1142 340 1169 392 δι

267 435 369 522 partem
381 451 435 519 ejus
447 443 597 503 undecimae.
641 440 770 509 Rabbmt,
790 442 823 499 ad
842 461 908 518 quos
929 460 1058 517 provocat
1075 483 1083 510 ,
1100 418 1170 499 ¹nihii

268 556 395 631 probant,
416 553 502 612 saitem
517 549 589 627 quod
605 548 731 606 tribueret
742 551 776 607 ad
790 551 956 627 misterium,
970 551 1041 626 quod
1056 552 1171 608 intendit

268 665 317 722 Vit
332 660 510 721 Venerandus.
549 656 759 716 Constitutiones
772 660 955 733 Magisttorum
978 677 1029 715 non
1048 660 1104 714 sunt
1119 664 1170 736 Ty·

268 778 340 847 picae.
376 771 434 827 Nec
448 766 528 824 etiem
546 764 661 823 Rabbini
684 764 866 832 consentiunt,
888 786 947 823 nam
966 766 1102 823 dimidiam
1117 783 1170 822 tan-

266 894 323 935 tum
334 877 424 933 hotant
439 875 503 932 Diei
516 892 591 932 nonae
604 876 631 931 δι
645 872 787 932 undecimae
807 875 847 930 iili
862 873 970 947 fingunt.
1001 878 1082 945 Cuius
1096 879 1169 932 Cun-

269 984 407 1042 stitutionis
422 1002 474 1040 non
489 982 542 1039 alia
559 988 648 1047 tatio,
668 999 746 1058 quam
763 1001 791 1039 ut
810 981 907 1040 faciant
916 980 998 1055 sepem
1013 985 1076 1038 circa
1091 983 1170 1058 legem.

269 1089 379 1150 Addunt
396 1091 550 1166 particulam
570 1089 603 1146 de
617 1088 720 1148 Diebus
741 1089 866 1164 profanis,
882 1109 914 1147 ne
930 1091 997 1147 Dies
1015 1075 1095 1147 ianne
1113 1091 1170 1148 vio·

266 1200 341 1256 ietnt.
386 1199 457 1255 Vide
469 1197 552 1255 fimile
564 1196 694 1254 Goodvv.
711 1199 741 1254 L.
753 1199 800 1255 iii.
817 1217 838 1254 c.
857 1199 903 1255 lii.
924 1197 950 1269 ἕ.
966 1207 1006 1254 12.
1024 1203 1049 1254 dc
1066 1201 1131 1255 Not.
1145 1205 1169 1254 8.

264 1308 347 1363 Locus
360 1325 425 1363 veto
442 1308 546 1369 1.Sam.
560 1307 611 1362 XX.
626 1314 649 1371 ς,
673 1301 785 1366 mudum
803 1321 849 1370 :m
863 1325 893 1378 m
912 1321 986 1379 usque
999 1307 1032 1361 ud
1043 1304 1170 1378 thpetnm

264 1416 360 1470 deridunt
377 1414 444 1469 nihii
457 1412 557 1487 prorsus
576 1412 695 1485 probat,
714 1411 777 1488 quin
798 1412 964 1470 contrarium.
1012 1415 1105 1470 Nostra
1117 1417 1170 1469 Lex

266 1523 346 1579 habet
357 1520 372 1578 d
385 1517 490 1595 Vespere
505 1521 540 1576 ud
549 1516 688 1593 Vespetum.
728 1522 795 1594 Ergo
812 1520 845 1575 de
862 1539 911 1578 una
926 1522 977 1577 Die
986 1521 1170 1596 inteiiigenda.

267 1630 397 1686 AtLocus
411 1628 454 1687 hic
473 1626 585 1703 expresse
603 1643 732 1684 memorat
746 1624 782 1683 ad
791 1626 917 1701 Vespetam
931 1630 1035 1684 tertiam.
1073 1632 1171 1685 Exten-

266 1736 301 1793 do
316 1741 381 1791 redte
397 1753 497 1810 tempus
509 1735 583 1792 litera
597 1733 732 1810 poscente.
783 1734 882 1793 uinum
902 1753 964 1811 ergo
982 1738 1056 1812 Legis
1077 1735 1171 1812 respuit

265 1843 418 1920 Myiierium
430 1842 492 1901 inse
511 1842 617 1920 quidem
634 1858 754 1909 certum,
773 1840 817 1902 sed
836 1863 889 1901 non
905 1862 937 1902 ex
957 1844 1006 1902 hnc
1023 1843 1093 1920 Lege
1110 1853 1173 1920 pro-'

265 1949 390 2009 bandum.

404 2041 406 2046 ·
663 2023 691 2096 ς.
709 2024 781 2082 VII.

339 2131 384 2190 Ad
395 2087 462 2190 hanc
473 2146 572 2205 panem
586 2139 691 2208 quoque
705 2129 790 2189 tefeto
802 2125 1069 2190 TRADITIONES
1082 2106 1172 2192 Geniit

256 2236 503 2315 Juincaepiurmas
511 2244 537 2297 ὃ(
548 2245 642 2306 varias,
650 2237 790 2314 specstantes
802 2238 907 2298 adhunc
915 2242 1169 2315 ExpiationisDiem.

263 2347 340 2405 Novi
354 2348 423 2412 dari,
443 2348 488 2424 qui
503 2332 669 2406 Ttaditionee
679 2347 800 2422 Judaicas
814 2347 886 2406 nullo
898 2348 997 2407 habent
1010 2352 1094 2418 Loco,
1109 2371 1169 2410 con·

263 2472 394 2524 temnunt,
407 2475 455 2514 ceu
475 2457 593 2531 ineptas,
613 2455 756 2523 fabulosas,
778 2456 878 2522 anites,
898 2459 1030 2535 Religioni
1044 2460 1169 2518 Christia-

263 2581 302 2622 nae
318 2565 436 2642 inimicas
451 2565 600 2640 fimpiicitet
614 2564 760 2623 traducum.
805 2565 863 2625 Nec
878 2585 928 2642 ego
945 2588 977 2625 ex
994 2587 1103 2626 numero
1124 2589 1169 2627 eo·

262 2688 318 2730 rum
336 2673 412 2743 suin,
431 2674 477 2751 qui
490 2692 580 2734 omnes
599 2672 740 2742 fundatas,
766 2689 871 2742 aureas,
895 2693 1028 2753 gemmeas
1052 2676 1168 2744 habent,

1088 2789 1168 2847 agno.
