2297 3134
370 249 400 309 de
411 251 535 330 Mpflerr'n
552 252 615 310 Diei
625 250 793 321 Earpintiouir.
981 273 1037 327 407

130 359 188 414 Hac
199 377 250 412 non
263 359 421 426 praedicantur
435 362 464 411 de
478 362 544 413 hirco
564 362 705 429 posteriori,
718 362 777 427 quin
790 361 913 412 contraria.
951 360 1036 413 Ternic

129 430 220 478 vicibus
237 427 321 478 sistitur
335 434 414 485 vivan,
432 429 549 491 expiatus,
562 433 585 477 in
598 427 731 478 libertatem
749 423 829 477 rnillus
840 436 867 477 ut
879 426 946 492 supra
960 431 981 486 §.
995 430 1035 479 cit„

128 494 176 557 jam
189 493 285 543 ditium.
305 492 328 544 E.
344 509 394 545 non
405 492 590 544 considerandus
600 492 701 557 amplius
716 500 743 543 ut
757 491 896 543 sacrificium
909 493 1035 556 piaculare,

129 558 291 623 liguraChristi
301 559 416 624 patientie.
437 559 462 611 Si
472 558 523 608 talis
531 557 722 615 considerandus,
737 568 790 608 tum
804 557 948 614 matlandus,
959 574 1009 609 non
1021 556 1034 608 ὲ

128 625 223 689 templo
237 622 472 675 emittenduafuillet.
485 623 574 673 Omnia
587 622 695 673 sacrificia
706 624 831 688 piacularia
844 632 911 672 etant
923 622 1035 674 interfici-

129 690 196 750 enda.
231 687 312 740 Locus
322 689 469 739 manationes
483 688 565 738 talium
583 686 703 738 sacrorum
713 697 761 738 erut
770 689 888 753 templum
896 686 967 739 Deua.
979 687 1033 739 >tlt

131 770 166 804 11.
186 754 245 806 Non
261 754 385 804 desertum.
404 752 508 803 Aliunde
522 755 593 803 etiam
604 753 712 809 constat,
729 753 796 818 quod
813 753 891 804 hircus
902 752 941 804 hic
953 756 981 804 in
994 752 1036 805 de·

127 819 189 872 serto
201 836 251 871 uon
264 818 420 876 occidendus,
434 819 586 884 quodetiam
600 817 637 870 Cl.
650 818 739 870 Auctor
756 818 834 869 statuit
848 834 872 884 p.
887 827 925 878 69⁴

191 933 212 989 ἓ.
235 925 317 979 XIX.
335 931 437 977 Attamen
447 927 533 978 Alimon
548 946 621 977 uranus
631 934 686 991 impo
695 933 735 986 trit,
748 941 833 992 peccam
850 927 947 993 corpseffirs
960 932 1036 992 estpo-

121 993 238 1056 suitquem
250 1000 272 1041 in
285 1005 347 1056 caput
359 992 418 1042 hirci.
437 991 504 1057 Resp.
538 992 572 1043 lta
586 993 618 1043 est
633 994 670 1043 sed
686 1008 738 1043 non
754 993 860 1059 sequitur
875 992 900 1045 Ε.
922 992 1035 1059 Figuram

127 1059 227 1109 victimae
243 1057 365 1122 piacularis
376 1095 383 1115 ,
396 1057 483 1108 Christi
498 1060 608 1124 patientis
624 1058 712 1108 retulit.
747 1057 825 1114 Nam,
843 1069 869 1109 ut
886 1060 981 1121 iamiam
1000 1060 1035 1109 di-

127 1123 206 1181 tlum
220 1124 319 1173 vitlimae
332 1122 463 1188 piaculares
477 1125 501 1173 in
513 1123 608 1184 templo
620 1123 789 1180 mactabantur,
804 1123 896 1189 sanguis
912 1124 1036 1189 spargeba-

126 1197 172 1238 tur.
208 1190 238 1239 ht
251 1188 290 1238 hic
306 1204 356 1238 raon
374 1189 518 1239 machabatur
530 1191 553 1238 in
566 1187 687 1253 Templo,
701 1187 794 1254 inriguis
811 1190 860 1250 ejus
878 1205 928 1240 non
942 1188 1036 1254 sparge·

127 1253 210 1310 batur,
231 1255 298 1303 vivus
315 1254 436 1310 manserat,
454 1256 561 1319 expiatus
575 1255 728 1306 emittebatur
743 1290 751 1313 ,
767 1252 888 1306 Christum
900 1255 1036 1320 patientem

125 1317 235 1385 adeoque
248 1318 484 1384 repraesentarehaud
496 1328 598 1384 poterat.

189 1427 209 1484 ἕ.
228 1424 289 1477 XX.
309 1431 355 1475 Nec
362 1428 427 1485 juvar
439 1428 520 1477 dicere:
536 1428 793 1490 Htrcnsposteriormmn
806 1426 878 1485 ajalim
890 1425 918 1484 Eri
931 1426 1033 1474 uiolenter

125 1492 219 1554 erpulfus
230 1497 252 1537 in
269 1492 376 1550 desertum.
398 1490 423 1541 E.
433 1510 475 1539 nnat
488 1498 512 1539 iu
526 1491 642 1539 libertatem
659 1490 732 1553 artiffiu.
778 1493 817 1540 Seri
829 1496 850 1537 z'n
862 1490 1036 1553 prasentiffimmn

125 1562 174 1605 uita
184 1556 309 1617 periculum.
368 1554 392 1604 Si
405 1556 470 1604 enim
488 1554 597 1605 animalia
613 1555 732 1604 mansueta
745 1554 900 1619 expelluntur
912 1557 939 1604 in
960 1555 1037 1605 deler-

125 1629 179 1671 tum
192 1617 395 1684 frequentatumb
409 1619 482 1677 feris,
501 1628 658 1684 exponuntur
670 1618 849 1685 praelentissinrae
865 1621 945 1671 murti.
964 1618 1034 1685 Resp.

124 1683 179 1751 jam
193 1683 281 1735 ditium
296 1685 316 1743 §.
329 1682 362 1735 X.
377 1700 464 1735 vocem
480 1679 536 1737 uhu
552 1684 634 1751 saepius
653 1695 736 1736 notare
754 1691 838 1734 ntitrere
855 1690 877 1734 iu
895 1686 1033 1746 libertatem

126 1749 493 1801 CircunrllantiasTextushanc
508 1751 634 1801 notionem
648 1749 752 1813 poscere.
770 1749 939 1801 Diciturenim
953 1751 1034 1800 hircus

126 1820 189 1864 vium
204 1816 319 1878 expiatus.
362 1814 430 1865 Licet
445 1817 593 1881 reperiantur
605 1817 628 1865 in
639 1815 733 1867 Canaan
747 1815 848 1872 deserta,
861 1817 886 1864 in
900 1816 987 1879 quibus
1000 1814 1034 1864 fe-

124 1894 156 1930 tae
165 1882 293 1931 carnivorae
304 1880 394 1937 vivunt,
409 1890 551 1930 nontamen
564 1881 654 1935 omnia,
668 1894 719 1928 non
734 1879 758 1928 in
772 1879 831 1930 locis
843 1879 977 1945 frequentia
989 1877 1034 1929 ho«

125 1946 219 1994 minum
229 1944 375 2001 celebribus,
393 1953 420 1994 ut
433 1943 613 2010 Hierosolyma,
629 1945 712 1994 vicina.
747 1942 806 1994 Non
819 1945 843 1993 in
857 1947 944 2009 quibus
960 1959 1035 2008 pecus

125 2009 253 2066 hircinum,
264 2012 387 2073 caprinum
398 2009 505 2074 pascitur.
555 2011 585 2059 rlt
597 2009 677 2060 hircus
690 2008 729 2058 hic
744 2010 769 2058 in
784 2008 830 2060 tale
844 2009 962 2060 desertum
979 2011 1034 2059 mit-

124 2077 227 2132 tebatur,
240 2074 309 2139 quale
323 2074 380 2125 hinc
394 2074 482 2125 dictum
493 2076 577 2126 Aaaael
591 2076 677 2140 inquo
693 2089 771 2139 genus
786 2077 912 2141 caprinum
928 2077 962 2126 ire
975 2074 1035 2125 solet

125 2139 188 2190 conf.
208 2155 233 2189 ν,
246 2153 284 2191 21.
303 2152 354 2188 22-
369 2147 407 2189 26.
426 2140 530 2190 maxime
552 2137 684 2204 Exeges.§
705 2147 769 2197 128-
786 2153 838 2202 143.
859 2142 883 2190 ta
899 2147 966 2200 326-
980 2153 1034 2199 333,

125 2204 210 2267 Qualis
219 2204 287 2255 locus
297 2206 367 2255 etiam
378 2204 509 2255 commode
518 2217 575 2254 term
586 2206 651 2266 excisa
659 2204 732 2255 audit.
751 2203 835 2256 Genus
848 2205 896 2256 hoc
909 2206 1035 2256 animanti-

125 2286 167 2320 um
181 2273 226 2320 ,lom
234 2284 355 2334 pantapte,
369 2271 433 2332 sama
443 2279 512 2321 atnat.
547 2268 590 2320 Uti
604 2270 676 2320 altera
689 2272 737 2320 auis
749 2270 836 2335 leprosa
851 2271 905 2336 poll
917 2273 1035 2336 expiatio·

125 2351 181 2385 nem
193 2336 256 2384 suam
270 2337 294 2383 in
308 2336 441 2386 libertatem
455 2346 504 2387 erat
517 2333 580 2385 milla
592 2334 711 2386 avolando
729 2335 757 2385 ad
774 2352 826 2386 aves
839 2336 910 2394 coeli,
924 2335 1034 2387 Elernen·

124 2409 176 2450 tum
188 2399 365 2451 inhabitationis
380 2401 440 2458 luae,
454 2402 484 2452 ita
497 2401 625 2452 hircushic
635 2402 658 2450 in
671 2399 787 2450 desertum
800 2403 867 2467 quod
883 2411 945 2452 aurat
956 2417 1034 2466 gertus

125 2465 255 2530 caprinum.
270 2464 324 2514 Nec
333 2466 413 2516 hircus
428 2466 468 2517 hic
480 2466 599 2518 uiolenter
612 2475 661 2517 erat
673 2464 783 2531 expulsus
796 2467 834 2517 leel
845 2467 929 2518 dubus
942 2482 986 2532 per
999 2467 1033 2515 vi-

125 2546 179 2581 rum
192 2535 295 2594 {ulamau
329 2530 353 2580 Si
362 2546 421 2581 ueto
436 2533 454 2580 is
471 2531 570 2583 traditus
591 2530 762 2588 indelertum,
778 2530 829 2582 uta
840 2531 895 2583 feris
907 2533 1032 2582 devorare-

124 2605 177 2653 tur,
195 2603 329 2645 moreretur
341 2595 353 2655 ζ
363 2595 392 2646 de
405 2611 456 2661 quo
470 2596 530 2646 nihil
546 2599 571 2648 in
584 2597 673 2658 sacris)
690 2611 741 2645 uon
760 2597 822 2648 adeo
836 2596 986 2664 vituperandi
1000 2594 1032 2647 el=

124 2660 175 2711 seut
187 2659 275 2725 Judaet
292 2662 332 2726 qui
343 2660 437 2711 hircum
454 2661 484 2713 de
499 2679 557 2727 rupe
573 2663 755 2729 praecipitarunt.

188 2764 212 2821 ᾗ,
229 2756 310 2814 XXI.
337 2764 383 2813 Nec
394 2762 461 2824 janua
472 2760 558 2814 eliceret
574 2764 696 2830 Pontificem
711 2760 785 2828 ciedtffi
794 2774 878 2826 percauta
891 2766 956 2812 totius
972 2760 1036 2838 lfiaul

1011 2842 1034 2876 m
