2297 3134
142 266 196 317 322
467 206 555 304 lavit.
563 242 632 299 XX
638 229 701 301 ill.
722 249 768 315 292

142 359 298 426 praeciperet:
313 363 343 408 'su
353 356 458 420 eafcimlm
469 355 506 404 vei
520 372 556 404 ves
565 355 692 416 exserueris,
701 365 726 405 ut
736 355 838 419 legimus
848 353 921 409 Deut.
931 357 997 411 Xlll.
1013 372 1048 408 10.

143 426 256 488 Lapidaria
266 426 321 486 Lev.
334 423 404 475 XXl.
417 436 438 477 9·
465 420 573 470 Coruum-es
585 420 657 471 Deut.
675 420 741 471 Xlll.
753 437 774 479 9.
794 424 879 471 Occidet.
908 424 932 474 N
935 441 961 475 ec
976 425 1050 475 exl'tat

142 493 205 542 iuter
216 490 328 557 supplicia
343 485 455 554 Synedrii.
480 484 554 536 Poena
568 502 625 550 ergo
643 485 797 551 intelligenda
808 486 840 536 est
854 488 938 539 divina.
976 489 1048 541 Umie

142 557 225 623 saepius
240 558 296 610 Deo
308 553 443 606 attribuitur
456 549 511 601 Lev.
529 550 608 604 XVII.
627 566 662 600 10·
681 553 795 615 externum
811 570 856 600 eum
870 554 881 600 e'
896 555 963 603 medio
973 557 1049 618 pupuli

142 623 206 673 conf,
224 622 284 673 XX.
304 635 323 679 3.
339 633 357 677 ς.
373 625 393 666 6.
413 617 458 666 &e
494 617 556 678 Quae
573 633 631 668 vero
644 633 715 682 poene
728 617 765 670 illa
786 617 866 667 <lirina
878 616 922 676 fit,
940 618 1047 671 ‘arnolto

141 698 253 752 tempore
266 683 436 753 quaerebatur?
459 680 578 748 Jonarlran
594 694 667 735 urbib
679 688 751 748 putem
767 682 883 747 iutelligit.
920 683 983 735 Puto
996 701 1046 735 cer·

142 763 191 803 tam
202 752 300 817 speciem
309 749 371 800 haud
386 747 438 805 elle,
444 748 481 799 sed
491 765 536 813 pro
546 751 655 800 varietate
667 751 742 800 delui
753 752 774 799 &r
786 750 856 799 status
864 750 888 799 bc
902 749 1045 813 deliuquen-

141 821 203 868 tium
219 833 249 871 ex
267 817 328 878 J'uiio
346 814 393 866 Dei
406 812 503 878 Judieio
523 817 615 865 variare.
650 813 762 866 Proxime
778 816 806 864 ad
821 826 871 865 trra
890 816 993 864 excidium
1007 833 1045 867 ae-

139 882 236 938 eeileret
246 881 378 932 subitaneus
392 881 416 930 &
429 891 511 930 acutus
525 881 693 945 morbumque
708 880 787 932 Moses
800 879 903 931 filiolam
916 881 983 931 suum
993 897 1053 932 rrorrv

138 946 312 1000 circumcidens
326 954 451 1010 correptus
466 954 515 996 erat
536 942 611 995 Exod.
627 944 669 994 lV.
685 960 721 1007 24.
741 957 792 998 uua
813 948 916 995 excidium
928 946 979 996 atla
995 956 1045 998 erat

137 1014 256 1064 subitanea
269 1011 375 1062 filiorum
388 1010 504 1062 llharonir
520 1026 584 1060 nrors
595 1009 676 1067 „tam
693 1013 749 1075 igue
763 1011 775 1062 ὲ
791 1011 849 1062 fecie
868 1011 969 1062 Domini
987 1028 1043 1062 erre-

138 1089 195 1131 unte
208 1077 265 1128 Lev,
279 1075 311 1137 X.
326 1091 347 1128 2.
368 1076 431 1128 conf.
451 1074 511 1128 XX.
530 1090 546 1136 ς.
566 1091 616 1125 nou
631 1085 710 1126 tarmen
725 1076 773 1127 sme
790 1076 829 1142 spe
842 1076 919 1133 salutis
935 1087 1041 1135 eterne,

136 1155 222 1210 utpote
235 1143 347 1201 delirium
364 1142 427 1192 haud
442 1150 490 1192 erat
503 1159 565 1190 errem
577 1142 630 1189 elma
646 1178 651 1197 ,
670 1143 738 1207 quale
756 1143 834 1192 secum
854 1142 899 1192 fert
920 1150 1041 1199 mortem,

135 1226 187 1259 noo
204 1218 297 1260 tautum
310 1207 475 1272 temporalem,
490 1206 529 1256 sed
542 1208 565 1256 iic
578 1215 696 1258 aeternam.
714 1206 737 1257 N
742 1224 789 1257 um.
802 1205 860 1258 XV.
876 1221 911 1265 30.
924 1221 961 1265 31.
975 1207 1038 1257 confi

135 1273 209 1326 Hebe.
223 1273 256 1326 X.
270 1281 307 1323 26.
320 1287 358 1334 27.
377 1272 457 1324 Liberi
469 1273 498 1324 ab
511 1271 555 1322 hac
567 1288 651 1338 poena,
666 1271 753 1339 Judaeis
770 1272 897 1336 judicibus,
913 1271 1039 1330 habentur,

134 1341 177 1405 qui
187 1355 218 1390 ex
231 1340 367 1405 ignorantia
381 1338 429 1389 hoc
440 1338 515 1403 ipsum
528 1348 616 1402 agunt,
631 1338 697 1404 quod
709 1338 746 1388 alii
758 1339 839 1388 animo
851 1347 974 1403 protervo.
1010 1341 1041 1392 ii-

133 1407 191 1462 dem
204 1415 284 1456 tamen
296 1404 463 1470 obligabantur
476 1403 505 1455 ad
519 1401 656 1455 sacrificium
669 1420 714 1471 pro
727 1412 834 1470 peccato.
857 1410 880 1456 V·
892 1407 945 1455 Not.
965 1416 999 1461 19.
1018 1409 1040 1451 in

137 1472 224 1524 Goodu.
243 1477 266 1528 L.
282 1477 316 1520 lll.
337 1476 357 1521 C.
373 1477 407 1521 lV.
427 1485 461 1529 19.

202 1584 224 1640 ἓ.
243 1591 303 1642 501.⁵
316 1575 423 1643 Quando
436 1597 493 1632 vero
510 1582 603 1634 additur
622 1589 698 1638 tribub
716 1581 819 1644 e'populis
831 1580 876 1641 seris
894 1581 957 1632 conf.
976 1580 1039 1632 Gen.

135 1643 217 1702 let.
237 1660 273 1712 14.
294 1646 369 1699 Exod.
381 1645 480 1699 XXXI.
500 1661 535 1708 14.
554 1646 592 1696 vel
605 1645 659 1696 alibi
675 1665 701 1694 ex
716 1646 788 1705 israele
808 1644 885 1696 Exod.
899 1645 956 1697 Xll.
976 1660 1011 1706 15.
1029 1650 1040 1696 e*

134 1724 187 1763 rem
196 1712 274 1773 Ifiuelis
293 1711 367 1763 Num.
379 1709 450 1762 XIX.
462 1725 499 1762 20.
516 1715 526 1760 e*
538 1713 603 1761 aredio
615 1724 681 1762 ceras.
707 1709 808 1762 Videtur
818 1727 891 1776 poema
900 1713 951 1763 haec
968 1713 1039 1762 etiam

134 1775 295 1840 posteritatem
309 1777 398 1834 ferire,
422 1778 453 1827 ita
467 1787 493 1828 ut
515 1779 548 1827 rei
563 1777 633 1838 hujus
648 1790 726 1840 poema
738 1776 817 1821 ierom
834 1778 981 1832 moriautur,
1000 1776 1038 1827 vel

133 1842 223 1900 liberi,
242 1841 257 1891 fi
277 1858 338 1909 quos
357 1842 470 1900 habeut,
493 1841 563 1893 timul
586 1842 706 1892 tollantur.
739 1840 767 1892 V.
796 1840 941 1909 Exemplum
961 1840 1036 1892 Num.

132 1904 210 1965 XVI.
228 1920 265 1967 32.

195 2020 217 2087 §.
233 2034 284 2081 502.
302 2019 395 2078 Notalu
408 2019 480 2085 digna
492 2018 613 2085 fiugttlaris
627 2016 771 2070 cousttuilio
786 2034 791 2069 :
811 2025 881 2070 Ouuu's
894 2023 977 2075 anim,
993 2038 1045 2083 que.

131 2112 173 2145 nou
186 2100 289 2159 affligetur
300 2097 337 2144 illa
350 2096 392 2159 ipsa
405 2097 437 2144 die
451 2104 539 2147 utl'tlllt
554 2096 583 2155 Eri
596 2097 726 2157 rescindetur
743 2097 753 2143 ἐ
768 2096 849 2159 populis
865 2097 918 2157 sais.
953 2095 1036 2157 Quare

132 2175 184 2210 non
198 2160 335 2224 limplier'ter
350 2162 495 2222 exscindetur,
512 2161 550 2212 sed
566 2161 596 2220 &⁹
609 2163 763 2223 resumetur?
780 2160 850 2210 Noto
864 2170 932 2210 tanto
946 2165 1033 2225 magle,

131 2225 198 2291 qumi
209 2223 327 2290 saepissime
340 2226 363 2274 iu
376 2225 445 2276 illose
461 2237 569 2277 recurrat.
599 2226 659 2277 Gerr.
678 2224 757 2277 XVll.
775 2240 810 2285 14.
831 2223 907 2274 and.
924 2224 980 2276 Xll.
998 2240 1033 2285 15.

132 2304 168 2357 19,
187 2288 286 2340 XXXl.
301 2304 336 2349 14.
355 2287 470 2342 LeuVll.
486 2305 523 2341 20.
535 2306 571 2341 21.
584 2306 620 2351 27.
634 2300 670 2347 28.
691 2290 762 2342 XlX.
780 2298 800 2345 8.
819 2288 903 2340 XXll.
918 2303 937 2348 3.
958 2291 1031 2341 Num

130 2353 175 2406 lX.
191 2368 226 2413 13.
246 2353 302 2407 XV.
321 2368 356 2414 30.
374 2353 447 2406 XlX.
464 2369 497 2414 13.
511 2369 548 2406 20.
583 2356 649 2417 Quid
663 2356 704 2405 fibi
715 2354 791 2405 uult?
821 2356 857 2405 ila
872 2367 878 2404 1
894 2354 1033 2408 redundat?

130 2419 230 2470 Nollem
246 2420 330 2475 dicere.
359 2419 444 2471 Studio
459 2420 564 2486 positum
576 2422 620 2471 ell'e
635 2420 726 2486 colligo
738 2432 768 2470 ex
780 2428 817 2470 tot
831 2420 896 2472 locis.
929 2422 965 2471 Au
975 2439 1032 2473 eum

128 2484 222 2537 Noldio
236 2495 367 2536 verterem:
387 2492 480 2537 barrum.
506 2486 565 2537 Non
581 2486 658 2551 placet
674 2498 705 2536 ex
721 2484 837 2536 corrlrmili
854 2488 953 2539 ratione.
982 2487 1031 2538 He-

128 2552 184 2601 braei
201 2551 327 2607 notionem
342 2558 423 2601 aarum
441 2551 507 2603 uliter
520 2551 631 2602 indicaui.
674 2551 774 2601 lllallem
790 2553 911 2617 particulae
926 2563 933 2602 t
947 2552 1030 2603 adieri-

126 2617 183 2666 bere
200 2614 358 2681 fignificatum
373 2618 475 2676 madere,
500 2617 563 2682 quasi
581 2617 621 2666 lex
638 2616 685 2667 boc
702 2617 821 2680 doceret3
844 2617 923 2669 Reum
944 2618 1030 2669 excidii

125 2696 226 2748 plenem
244 2698 294 2748 nou
312 2681 481 2748 effugiturrrm,
499 2683 555 2734 licet
576 2698 624 2732 nou
644 2682 717 2733 statim
733 2684 882 2733 immittatur.
910 2683 955 2733 Vel
968 2690 1030 2733 eriam

125 2747 201 2802 i'eoiur
215 2746 278 2808 ellel,
293 2764 345 2800 reue
361 2747 448 2801 exeidii
463 2766 512 2801 arou
527 2748 602 2805 iolrrm
614 2748 672 2802 uaria
682 2748 764 2804 sentiet
779 2749 846 2808 mala,
861 2748 969 2805 Ecclefim
983 2750 1029 2868 C{yl-

950 2830 980 2870 ne
1000 2831 1028 2868 [1.
