2297 3134
375 198 377 201 ’
448 200 530 257 Leuis.
544 195 636 256 XVI.
650 216 692 268 15.
966 210 1020 269 aaa

193 310 212 369 s·
227 321 280 372 258.
299 313 425 367 Porisnmta
443 333 473 367 ex
484 332 503 365 v.
524 329 559 376 15.

113 392 130 446 Ῑ.
147 401 216 446 uana
228 406 369 449 conuenientia
383 407 437 449 iutra
446 405 562 464 Pontificem
574 400 717 450 Airarunitmrr
734 400 765 459 δέ
773 405 878 465 pnptrlmtr
891 408 913 451 in
926 408 968 452 Dte
976 408 1020 453 nn-

142 467 248 526 piariern's.
282 465 311 516 Et
326 466 367 516 ille
382 466 407 515 dr
424 465 462 515 hic
481 465 603 529 indigebat
619 466 735 522 hilastieis.
771 465 902 532 Utriusque
920 468 1020 519 vidimae

146 529 292 587 martanda,
309 529 403 594 sanguis
426 528 628 580 infandissimum
648 531 806 590 inserendus,
825 531 898 583 semei
913 531 1018 590 sursum,

145 592 228 657 septies
243 596 352 645 deorsum
365 593 517 658 spargendus.
860 600 867 623 ‘2‘

112 696 145 749 is.
165 704 238 749 Darna
251 707 313 749 etiarn
327 700 349 747 di
357 704 503 749 eonnerrienrta.
539 698 668 750 Sacerdoti
683 704 776 753 tittima
788 719 823 753 ex
837 702 961 766 juvenen,
978 700 1019 752 sed

142 767 229 828 popuii
242 766 353 814 enhiruo
365 764 491 813 constabat.
518 764 631 815 Matiane
644 767 668 816 aa
681 767 769 832 sparsio
785 768 906 832 sanguinis
921 767 1019 830 juvenci

142 828 306 884 antecesserat,
322 827 360 877 sed
371 828 510 894 sequebatur
522 830 587 880 hirci,
609 829 723 883 Pontifex
735 835 831 897 copiam
840 833 957 884 habuerat
966 847 1017 883 rua·

143 893 236 950 dardi,
253 893 377 958 spargendi
389 909 397 956 ;
413 909 464 945 non
477 896 535 944 item
547 895 660 960 populus,

111 1007 134 1059 sl
144 1007 160 1057 s.
181 1007 279 1072 sngreffirs
293 1010 395 1072 Pontifteir
410 1013 431 1056 in
441 1008 589 1069 snartiiſjr'nrnm
603 1013 646 1059 Die
656 1012 802 1070 Enpiatiunir„
823 1006 884 1067 Mose
895 1009 957 1069 tasse5
976 1012 1018 1056 rari·

32 1098 38 1103 ·-
141 1079 298 1129 ainnnntnrn's
306 1075 377 1136 fadar
392 1085 438 1122 erat
457 1074 542 1122 vicibus.
575 1071 630 1123 Scis.
646 1070 718 1121 semel
733 1087 789 1121 curn
808 1073 882 1132 arvptr'q
900 1073 924 1121 dt
938 1088 1018 1122 acerra

143 1138 218 1187 thuris
233 1138 259 1188 u
270 1152 311 1189 aaa
321 1151 355 1196 13.
373 1138 451 1188 Astera
462 1141 513 1189 vice
529 1153 584 1188 cum
600 1138 714 1202 sanguine
727 1137 824 1199 juvenci
836 1151 856 1185 v.
869 1150 905 1197 aq.
934 1135 1017 1188 Tertia

141 1217 197 1254 cum
216 1201 329 1266 sanguine
346 1201 405 1253 hirci
418 1218 439 1253 v.
458 1217 493 1261 15.
533 1202 603 1253 Unde
617 1202 723 1266 sequitur
734 1238 741 1257 ‚
754 1200 829 1266 ¹quud
851 1202 922 1252 uerba
939 1201 1014 1252 Hebt,

140 1266 184 1318 IX.
197 1266 219 1327 7.
237 1271 295 1316 Solus
303 1266 400 1330 Pontifiru
414 1264 476 1325 ἅπαξ
489 1272 511 1315 in
517 1268 630 1328 flectendum
646 1267 810 1315 'sabernaculum
822 1283 866 1315 nou
885 1285 928 1327 me⁴
938 1272 1016 1331 engrai-

139 1350 165 1379 ηε
179 1331 276 1396 ingreffirs
288 1335 330 1395 este
348 1333 377 1382 de
392 1348 438 1383 unu
452 1330 566 1395 ingressus
580 1331 631 1381 vice
642 1346 795 1396 nequaquam
806 1332 900 1394 exponi
914 1339 1015 1396 queant

140 1395 196 1445 Tria
210 1401 272 1445 enim
290 1396 394 1446 distindia
405 1397 506 1446 intrandi
522 1406 639 1461 praecepta
652 1397 751 1445 exstant
788 1395 835 1445 Rea
851 1411 950 1460 quoque
961 1397 1012 1447 sub-

140 1461 208 1509 strata
229 1460 312 1524 poscit.
361 1459 473 1510 Pontifex
487 1463 550 1510 enim
565 1463 632 1522 juxta
644 1475 665 1508 v.
680 1474 716 1508 12.
737 1472 771 1517 13.
791 1461 872 1524 primo
887 1463 1015 1512 intraverat

121 1582 124 1587 ι
140 1540 195 1573 eum
208 1525 297 1588 duplici
308 1524 371 1581 vase,
390 1525 434 1575 scil.
447 1525 501 1581 illo,
521 1524 588 1589 quod
601 1539 688 1589 prunas
705 1525 804 1589 ignitur,
816 1523 892 1575 altero
909 1525 976 1589 quod
988 1528 1014 1576 in

142 1588 278 1639 sundiffimo
294 1589 470 1640 incendendum
485 1591 642 1640 continuerat.
662 1603 684 1638 v.
700 1589 768 1654 supra
780 1593 801 1649 5.
819 1602 872 1647 203.
885 1603 938 1651 204.
949 1602 1014 1640 utra-

139 1670 186 1716 que
204 1656 283 1719 iraque
303 1671 386 1705 manus
408 1665 456 1705 etat
476 1655 566 1705 onusta
613 1652 696 1704 Nemo
712 1669 770 1704 vern
788 1654 885 1718 copiam
898 1655 1014 1706 habuerat

138 1718 249 1769 Pontifici
265 1720 293 1769 ad
309 1720 392 1770 manus
407 1720 552 1770 ministrandi
567 1733 587 1767 v.
610 1731 645 1777 17.
667 1718 731 1769 Dein
748 1717 880 1769 aiteravice
892 1735 948 1769 cum
960 1720 1014 1786 pel-

139 1786 172 1840 vi,
187 1786 211 1834 in
223 1801 269 1849 qua
281 1784 374 1848 sanguis
384 1786 483 1846 juvenci.
519 1784 600 1835 Thura
611 1785 659 1846 jam
674 1783 771 1833 incenso
784 1799 804 1832 v.
821 1797 856 1842 13.
870 1798 906 1845 14.
933 1783 1012 1836 Porro

138 1852 207 1898 tertia
218 1865 274 1900 curn
290 1849 402 1913 sanguine
418 1849 482 1899 hirci.
532 1848 571 1899 De
582 1864 631 1911 quo
644 1858 754 1912 praeterea
774 1848 923 1905 tenendum,
943 1850 1012 1915 quod

139 1912 218 1963 irircue
231 1927 282 1963 tum
300 1914 398 1964 demum
418 1915 529 1963 madiatus
543 1913 634 1967 suerit,
660 1913 787 1976 postquam
803 1912 897 1976 sanguia
914 1915 1028 1976 juvenci·

137 1978 183 2039 jam
198 1977 286 2042 sparsus
299 1988 347 2027 erat
364 1993 385 2027 v.
404 1991 438 2038 14.
455 1991 490 2035 15.
529 1974 642 2040 Denique
662 1992 705 2040 per
721 1985 829 2027 naturam
848 1979 900 2034 rei,
918 1978 948 2027 de
963 1994 1011 2044 qua

137 2043 254 2105 quaestio,
272 2041 406 2093 nuliatenus
423 2040 541 2105 posstbile,
558 2050 584 2090 ut
602 2038 785 2104 μόνοςἈςχιεςὲυς
796 2042 851 2102 blas
864 2045 963 2106 Pontifex
975 2044 1011 2094 se-

138 2123 191 2156 rens
205 2109 228 2157 de
240 2111 320 2172 averto
334 2108 358 2156 de
374 2122 475 2157 acerram
488 2105 563 2155 thuris
574 2105 598 2154 dt
615 2105 705 2169 pelvim
723 2122 780 2156 cum
795 2106 909 2170 sanguine
924 2109 1010 2170 juven-

137 2173 157 2222 ci
175 2189 201 2223 au
216 2175 286 2223 etiam
304 2172 372 2222 aliam
387 2171 512 2237 separatam
538 2185 594 2219 cum
611 2172 726 2236 sanguine
740 2171 801 2222 hirci
820 2174 890 2223 unica
908 2176 960 2224 vice
973 2175 1011 2223 in-

137 2246 197 2287 trare
215 2239 327 2304 potuerit.
362 2236 407 2287 Sed
422 2236 503 2286 dices:
522 2236 599 2294 defficit
610 2238 725 2285 aridorum
734 2238 825 2300 Apostoli
834 2242 941 2299 aestuarit,
954 2240 1012 2302 quud

138 2304 235 2365 Pontifex
250 2302 312 2356 ἅπαξ
325 2306 445 2350 incarnata
487 2298 603 2350 particula
620 2298 682 2359 ἅπαξ
697 2317 755 2351 vero
771 2320 835 2351 turam
851 2308 917 2351 vicem
932 2312 1009 2354 notat.

136 2365 203 2430 Resp.
221 2366 404 2417 Venerantur&
416 2365 579 2417 austeritatem
591 2364 667 2416 utone
676 2383 703 2417 ac
713 2367 829 2432 Apostoli.
863 2366 931 2417 Salva
944 2377 1009 2419 utra-

136 2446 183 2496 que
198 2432 268 2481 nubis
281 2432 314 2480 est
327 2446 354 2480 ac
368 2430 413 2482 esse
428 2431 505 2482 debet.
558 2429 667 2492 Quando
679 2447 738 2482 veto
755 2432 813 2482 teste
828 2431 899 2483 Mose
912 2432 1009 2484 Aharun

137 2496 207 2548 unica
225 2497 276 2545 vice
297 2495 459 2546 sandissrmum
476 2510 553 2562 neque
575 2496 669 2560 ingredi
687 2496 818 2554 debuerat,
834 2513 920 2562 ,neque
937 2500 1009 2549 etiam

136 2571 244 2627 poterat,
260 2560 409 2618 videndum,
431 2577 512 2611 annon
538 2561 623 2611 vocula
646 2557 709 2620 α”παξ
724 2561 771 2611 alio
792 2561 858 2611 sensu
876 2562 1008 2613 commoda

134 2636 276 2690 exponatur.
304 2624 442 2677 Commode
459 2641 516 2676 vero
531 2627 675 2691 exponimus
687 2643 720 2676 ex
731 2626 779 2676 huc
788 2626 839 2693 ipso
852 2626 936 2692 Capite
948 2626 1006 2677 Len

135 2689 204 2743 XVI.
220 2705 256 2753 34.
282 2696 331 2746 Erit
342 2708 389 2756 ergo
405 2692 442 2747 saue
455 2692 513 2740 uubis
525 2696 656 2753 instaturum
669 2705 768 2742 aternum
778 2694 808 2741 nd
819 2693 1007 2757 expiandumfisr‘or

518 2754 542 2808 G
555 2771 573 2820 g
588 2767 600 2814 3
927 2758 1007 2823 ⁴ssrratlt't
