2558 2946
177 130 180 136 ·
353 99 904 169 ’ΡΙΕΜἈΤΙΟ*1301ΤοΙίΙὸΙ

214 235 314 310 Scripta
331 218 464 308 exponere
488 232 577 291 vesset.
609 260 611 266 ·
635 233 723 288 Postea
743 246 829 288 autem
848 228 913 285 mihi
937 248 1044 308 quoque
1063 249 1109 302 va.

214 345 252 402 ria
277 342 301 416 se
330 342 480 401 obtuleruut
511 338 727 414 Impedimeuta,
767 356 823 415 quaa
853 337 930 414 priua
949 338 1111 397 removenda

217 469 306 519 eraut,
323 468 462 526 antequam
478 449 538 504 huie
552 426 669 505 Editioui
689 467 793 505 manum
811 447 953 504 admovere
971 462 1110 538 poteram,

217 563 312 638 quibua
324 566 350 615 iu
361 558 559 638 >=praeserrtiarurrr
573 555 677 615 sublatis
693 556 824 631 Religioni
838 556 903 616 mihi
918 554 1059 622 duxissem,
1072 553 1113 611 us-

219 670 327 727 teriores
354 670 452 723 medere
478 683 562 722 moras
586 665 612 720 iu
636 664 793 740 publicanda
811 665 860 722 hae
877 664 981 739 opella,
999 669 1042 730 eui
1062 664 1113 721 esa·

219 776 342 845 buraudae
359 778 451 831 Parent
468 779 581 849 optimus
598 772 632 829 ed
646 775 769 844 majorem
779 778 889 831 navavit
905 790 1031 847 operam,
1050 791 1115 848 quo-

220 880 290 942 uiam
309 882 414 958 ipsemet
438 897 573 957 auguratus
594 898 648 938 erat
659 921 667 948 ,
687 883 842 956 postremum
862 882 920 938 fore
938 879 1010 940 suum
1030 882 1115 939 Labo-

221 1011 285 1057 reuu
322 991 409 1047 Plures
426 989 506 1047 eriam
529 988 617 1046 Amici
635 988 699 1044 misti
715 995 826 1050 Autores
844 993 869 1045 sit
886 987 1004 1045 Suasores
1022 1006 1096 1046 eraut
1106 994 1117 1058 ,⁴

222 1120 255 1157 ne
273 1106 298 1155 iu
312 1097 415 1156 Scripsit
428 1097 588 1173 linquerem,
601 1096 743 1154 Pulveri&
760 1095 892 1154 oblivioni
906 1096 1045 1165 traderem,
1061 1117 1118 1174 quaa

222 1209 255 1264 de
270 1204 386 1263 Materiis
406 1205 472 1266 tauri
490 1204 617 1263 momenti
636 1208 769 1262 Pareutem
792 1227 828 1261 tor
847 1227 972 1276 parapeuv
989 1203 1118 1280 couscrip-

222 1313 274 1372 fisse
286 1312 343 1387 ipsis
354 1328 451 1370 certum
463 1312 500 1368 stt.
536 1315 614 1372 Facio
626 1312 761 1387 ergojutis
773 1310 872 1386 publici
886 1312 919 1371 ed
933 1311 1120 1381 confidentium

225 1421 304 1497 quod
319 1420 418 1477 nullum
431 1419 496 1476 mihi
511 1421 587 1501 restet
603 1419 727 1487 dubium,
747 1419 800 1477 hac
813 1439 867 1478 uon
879 1420 964 1479 miuus
976 1420 1054 1499 quim
1067 1421 1120 1480 asia

226 1528 342 1587 Parentis
358 1527 452 1603 optimi
464 1512 547 1585 musto
561 1512 650 1586 lairere
665 1532 692 1586 δε
710 1526 801 1585 sudore
820 1545 925 1589 exarata
933 1532 1033 1605 Scripta
1044 1549 1120 1607 aequo

226 1637 309 1695 cuivis
322 1635 407 1709 Judici
419 1633 510 1710 sponte
527 1634 569 1693 sua
590 1633 638 1696 sese
655 1635 704 1696 esse
720 1636 909 1711 approbatum,
927 1656 975 1695 ceu
990 1638 1067 1712 Signa
1082 1639 1121 1696 iu·

227 1742 316 1804 desesst
337 1740 374 1800 sui
390 1742 466 1800 studii
486 1736 522 1801 ea
532 1743 648 1805 discendi
663 1748 690 1802 δε
709 1744 822 1802 docendi
841 1745 869 1802 in
881 1730 985 1813 Terris,
1009 1765 1121 1822 quorum

227 1850 341 1910 Seieutia
359 1849 506 1925 perseverat
519 1852 546 1908 iu
558 1852 652 1912 coeus.
697 1852 822 1911 Addebat
835 1854 964 1930 quidem,
982 1870 1011 1911 ut
1030 1853 1067 1912 ita
1084 1854 1121 1911 di-

228 1978 302 2023 cam,
315 1963 436 2018 Acetaria
449 1960 520 2018 Cibo
533 1960 669 2036 Evangelii
681 1958 777 2018 sananti
792 1981 822 2020 ac
836 1960 970 2028 sotr1,sed
983 1963 1054 2029 talia,
1066 1949 1124 2039 quae

228 2067 263 2125 ad
276 2066 374 2142 gustum
387 2063 443 2122 sunt
455 2067 609 2141 &apprime
622 2068 791 2126 conueniunt.

307 2212 384 2270 Nihil
397 2213 469 2272 aliud
490 2214 554 2272 mihi
571 2215 732 2276 monendum
748 2217 805 2285 est,
829 2217 908 2296 quam
925 2216 1126 2278 Additamensum

231 2320 359 2397 quidem,
378 2337 424 2393 pua
435 2321 581 2399 dspsserium
597 2322 659 2380 Diei
673 2324 829 2400 Hapsasioru's
843 2343 877 2383 err
895 2343 964 2384 nova
980 2326 1145 2406 prusheft„

231 2425 396 2485 Vr'rr'scisicet
414 2429 473 2501 <ue
491 2432 550 2504 Ejus
563 2434 642 2498 Pace,
661 2433 714 2509 ime
733 2437 806 2492 Nutu
825 2434 926 2496 silentio
946 2409 1097 2511 preteream
1112 2436 1126 2509 s

232 2534 375 2609 Claudius,
394 2534 500 2596 Domini
504 2539 628 2616 Jusuuuis
642 2537 761 2602 Wssesui
771 2541 896 2622 Kraffrr‘i„
913 2543 1049 2618 Theologt'ae
1062 2542 1126 2600 Pru-

1031 2649 1129 2729 auu
