2297 3134
306 194 415 252 Solennis
429 192 608 263 Eupiattoauaa
625 185 696 250 Dici,
908 203 920 252 3
928 198 962 256 55

55 323 107 359 non
121 306 212 371 indiget
228 304 349 355 oblatione
362 303 472 368 piaculari
484 317 528 367 pro
544 298 566 350 se
582 315 589 361 ;
610 296 738 368 Peccatum
751 292 840 359 quippe
855 307 905 341 non
919 291 961 367 lra-

55 375 102 423 bet.
153 370 252 424 Oblatiu
271 369 394 438 piacularis
415 378 507 419 tantum
527 366 558 416 ell
579 364 611 415 ob
633 362 740 426 suscepta·
754 368 851 425 peccata
867 356 959 406 inundi.

55 437 177 501 Quaeritur

121 540 142 597 ἓ.
165 542 215 597 ς86.
236 533 394 585 Undecimo:
420 533 456 578 An
469 532 530 576 aaran
547 529 668 596 Mpstninm
678 523 726 592 infit
742 525 805 571 artati
817 497 839 567 in
856 518 961 568 Holocau-

48 603 176 726 flocpaepitpr
195 600 337 663 &ariadnam
356 600 371 646 ?
403 593 466 645 Vide
485 592 544 643 insta
556 592 643 654 Quart.
664 583 849 641 XXXVlll·
867 582 888 641 S,
906 589 960 640 629.

120 765 143 820 ᾗ.
160 769 210 821 587.
227 757 384 809 Duodecimn
402 771 407 804 :
429 759 462 804 An
478 757 559 817 naslitns
576 749 680 817 Pontificir
697 749 894 802 extraordinarius,
912 762 960 794 con-

53 825 106 884 flans
119 825 199 885 rmnnifi
207 843 232 872 eac
245 828 280 872 IV.
292 822 390 885 vassilius,
401 821 551 890 Jseaaaomlibns,
571 824 656 874 tunica,
673 816 753 866 baltheo
768 814 798 872 ἓξ
808 815 878 877 pileo,
893 816 959 873 tisana

53 888 135 936 vilioris
142 890 215 950 spaecita'
231 889 282 943 lini,
303 904 365 949 quma
382 890 443 934 etiamr
456 890 549 949 gregarii
560 887 690 947 galauetnnt
705 888 760 929 inter
773 893 831 950 appas
845 892 959 951 irritaremu-

54 951 118 1000 dus?
135 951 288 1001 interdislum
299 953 362 1001 enim
376 962 424 998 erat
438 951 568 1014 gestatione
581 947 680 997 restium
692 949 835 1012 aurearum,
850 943 957 996 lammae,

53 1014 160 1078 ephod,
176 1015 315 1080 pastoralis,
347 1014 392 1065 allii
406 1031 461 1065 cunr
479 1013 644 1064 tintinnabulis
661 1010 867 1075 &malogranatis
880 1021 956 1073 quan-

54 1078 87 1128 do
101 1079 196 1130 tlharon
211 1082 234 1129 in
245 1031 406 1130 sairdidslrrurtt
418 1080 513 1129 hoodie
526 1080 659 1128 intraverat.
680 1092 699 1126 v.
711 1083 731 1123 ia
741 1082 821 1138 Eueges.
836 1078 857 1132 ς.
868 1088 908 1134 59-
916 1077 955 1119 66.

53 1141 122 1206 Resp.
141 1143 258 1194 Omnino.
279 1145 425 1210 Argumenta
438 1143 497 1193 sunt.
521 1142 638 1192 Vestitum
649 1140 817 1191 sacerdotalem
831 1139 855 1187 in
869 1151 957 1202 genere

54 1209 178 1271 mysticum
193 1208 237 1258 esl'e
251 1209 323 1262 ducet
335 1209 380 1271 ipsa
393 1208 513 1272 Scriptura
527 1205 580 1257 Psal.
593 1205 726 1258 elixati.
740 1221 761 1263 9.
777 1211 810 1253 16.
827 1201 873 1268 Jes.
888 1200 955 1253 LXl·

53 1286 89 1319 10.
109 1272 182 1335 tlpoc.
196 1272 235 1323 lll.
249 1286 298 1334 aa.
325 1273 389 1324 Dein
401 1272 521 1336 speciatim
535 1271 628 1336 prolixa
643 1271 736 1321 restitus
749 1267 901 1334 pontificialis
915 1268 956 1315 de·

50 1334 145 1400 scriptio
162 1335 237 1387 Exod.
251 1336 367 1389 atxvlll.
387 1336 484 1388 XXlX·
505 1336 560 1387 Lev,
576 1335 639 1386 Vlll.
671 1335 716 1384 Vel
734 1350 786 1399 quae
805 1334 864 1382 tatio
884 1332 954 1394 hujus

50 1401 161 1462 praecepti
179 1401 297 1450 vestiarii?
320 1403 356 1452 An
371 1403 394 1450 in
406 1401 428 1451 se
438 1401 525 1464 Spiritu
538 1401 657 1465 sapiente,
674 1399 752 1449 santlu
771 1397 897 1461 dignum?
917 1399 962 1446 tlnv

49 1465 162 1514 Pontifex
179 1465 321 1527 sapientior,
345 1465 443 1515 sanslior
463 1466 486 1513 dc
501 1465 556 1515 Deo
575 1467 696 1529 acceptior
717 1465 814 1511 vellium
833 1477 954 1518 numeru,

69 1528 147 1576 retio?
165 1528 235 1578 Certe
255 1544 311 1576 non
346 1528 429 1578 Solum
446 1529 586 1593 lllyllerium
606 1527 763 1579 commendat
780 1528 842 1576 lianc
854 1526 954 1591 Legem.

50 1544 74 1642 St
88 1607 143 1640 vero
156 1593 250 1642 vestitus
263 1591 420 1642 Sacerdotum
435 1594 463 1647 in
473 1608 561 1657 genere
578 1593 688 1657 mysticus
709 1608 723 1653 3>
736 1590 759 1641 Si
770 1592 881 1656 mylllcus
894 1606 956 1656 pun-

51 1655 149 1715 tillcialis
166 1655 312 1712 ordinarius,
330 1672 402 1722 quare
422 1672 470 1706 non
488 1658 688 1707 extraordinarius
705 1658 729 1706 da
745 1656 785 1721 qui
801 1665 894 1706 tantum
908 1655 955 1706 Die

51 1720 198 1783 Expiationis
211 1720 304 1770 solenni
318 1758 325 1777 ,
349 1724 399 1770 imo
412 1722 451 1770 illa
468 1721 506 1770 die
518 1727 541 1770 in
554 1722 606 1771 solis
622 1720 757 1771 solennibus
777 1722 955 1785 expiationibus

50 1784 178 1848 gestandus
192 1785 263 1836 etat?
279 1785 352 1836 Nulla
367 1787 425 1836 ratio
443 1796 525 1849 practer
540 1786 680 1852 lltsyllerium
700 1786 748 1838 dari
762 1785 859 1849 potest,
881 1801 957 1849 quare

49 1849 139 1912 sapiens
152 1849 274 1913 legislator
286 1848 378 1914 Legem
394 1851 487 1899 dederit
500 1851 530 1900 de
545 1852 627 1900 vestitu
645 1852 667 1898 in
682 1849 856 1899 solennioribus
871 1854 954 1915 expia-

50 1913 156 1968 tionibus
173 1914 296 1963 mutando.
346 1913 413 1964 Deus
424 1914 523 1978 Spiritus
538 1914 627 1978 sapiens
644 1930 685 1977 per
704 1914 724 1963 se
741 1930 790 1963 non
804 1926 887 1969 curat,
907 1931 954 1980 qua

49 1979 113 2027 velle
129 1978 227 2027 ministri
243 1978 316 2028 vestiti
334 1978 451 2029 incedant.
485 1979 531 2029 *At
543 1979 581 2030 hic
592 1981 688 2029 mundat
702 1980 730 2028 de
749 1981 817 2028 certis
831 1980 953 2038 veslibus,

50 2058 152 2092 numero
165 2052 281 2105 quatuor,
301 2043 368 2093 lineis
381 2043 497 2107 gestandis
513 2060 533 2093 r.
545 2058 568 2104 4.
584 2043 638 2094 luto
654 2044 734 2109 postea
748 2044 855 2101 mandat,
877 2056 903 2095 ut
917 2046 957 2098 liic

50 2109 145 2156 vellitus
159 2106 227 2157 hirco
240 2105 389 2160 emissarium
403 2108 520 2158 desertum
531 2108 598 2158 misso
608 2111 632 2159 &
645 2111 782 2173 expiatione
800 2109 890 2160 solenni
903 2110 957 2162 liui-

50 2178 73 2220 ta
86 2172 212 2236 seponatur
226 2188 253 2222 ac
268 2172 362 2222 vellitus
379 2173 519 2237 magnificus
537 2175 650 2225 luduntur
674 2191 694 2223 v.
712 2189 749 2234 23.
766 2189 802 2236 aa.
850 2177 955 2238 Quare?

51 2235 135 2296 Quum
149 2246 227 2286 tanren
240 2236 321 2303 saepius
333 2238 460 2303 obtingat,
475 2247 500 2299 pt
513 2239 595 2289 laceris
611 2240 713 2290 vestibus
727 2243 821 2291 vellitus
832 2239 887 2291 Deo
906 2243 956 2291 exi-

50 2299 93 2349 stat
104 2300 244 2352 catillimunt
258 2312 329 2368 caput
346 2318 353 2364 3
380 2302 426 2353 Sed
440 2303 565 2368 splendido
580 2305 721 2355 detestabilis
736 2308 760 2357 in
777 2306 853 2357 oculis
867 2308 915 2370 ejus
928 2306 955 2358 lit

50 2364 97 2414 rid.
111 2363 169 2415 Luc.
186 2365 254 2416 XVl.
274 2382 310 2427 19.
322 2381 359 2418 20.
378 2368 425 2419 Ad.
443 2368 499 2420 Xll.
515 2383 551 2420 21.
568 2384 569 2387 ’
589 2370 710 2433 Quaeritur

113 2465 135 2521 S.
154 2469 206 2522 588⁴
222 2463 327 2516 Decimo
337 2468 408 2517 terlio
424 2483 429 2517 τ
454 2469 566 2533 Quodnam
580 2484 628 2533 ergo
643 2471 764 2532 ldpstarinm
775 2469 822 2528 infir
835 2471 955 2518 ratiatensi-

50 2526 169 2598 ttatipbnic
185 2532 267 2590 oculitur*
280 2533 403 2594 Pontificius]
419 2530 475 2583 [ὃν.
494 2531 561 2584 XVI.
576 2547 597 2594 4.
622 2533 633 2586 ἲ
658 2533 724 2599 Hesp.
760 2534 869 2584 Cttltores
885 2534 954 2585 studii

51 2592 124 2661 typici
139 2594 234 2644 variant.
269 2592 367 2655 Quare,
382 2611 427 2648 ceu
441 2599 466 2648 in
479 2597 582 2649 themate
595 2595 730 2657 difficiliori,
743 2602 821 2664 primo
839 2601 900 2650 varia
916 2601 953 2662 ju-

52 2647 111 2703 dicia
121 2657 247 2720 proferam.
283 2659 349 2713 Tum
360 2675 418 2715 vero
433 2663 529 2729 tulupam
543 2662 691 2728 subjungam.

494 2758 595 2816 Bbbz
864 2764 886 2824 s.
903 2770 956 2826 589.
