2297 3134
427 204 510 259 Lenit.
528 202 619 262 XVI.
639 223 679 263 ro.
969 216 1018 275 lfa

33 342 34 345 ’
105 327 162 379 cidit
177 325 224 377 boc
235 324 259 374 in
273 321 322 374 aliis
341 315 393 370 non
408 314 488 366 minuo
503 314 632 378 peragratis
652 309 810 376 regionibus,
829 310 875 372 ipsa
893 321 953 363 terra
970 313 1016 364 Can

104 408 180 447 noan,
198 391 262 441 urrde
278 385 405 451 descriptio
422 381 472 444 ejus
495 377 685 444 chorographica
703 385 740 428 tot
757 376 916 437 conjesiuris,
931 377 1017 428 dissen-

103 457 208 508 bonibos
221 455 332 506 abundat.
367 448 425 500 Haec
442 445 489 495 dici
505 444 572 510 pulle
587 454 648 510 puto
664 442 693 494 ad
709 441 888 507 impedimenta,
903 458 956 508 quae
970 453 1017 493 ter-

104 524 159 573 tiam
174 522 311 571 sententiam
333 514 397 566 haud
414 509 574 561 verosimilem
590 509 667 560 lacere
685 507 797 558 nonnulli
817 509 904 569 ajunt,
929 507 946 557 ii
965 524 1016 558 110ss

106 589 200 652 penitus
214 584 336 637 tollendo,
357 580 438 629 saltem
452 575 590 629 minuenda.
624 573 721 625 Lubens
738 572 845 637 agnosco
860 572 973 630 fortiora,
988 573 1017 624 ad

107 650 320 707 demonstrandum
332 644 415 699 Asaraei
427 656 517 692 nomen
536 640 626 691 ruentis
638 638 691 696 else,
705 640 793 705 requiri
807 649 955 703 argenteam„

169 762 189 817 p.
209 770 258 816 141.
279 753 373 804 Locum
391 761 470 803 tanien
490 751 532 802 sub
547 753 630 805 Arraei
641 752 744 816 intelligi
762 749 821 800 milii
839 751 943 800 maxime
960 764 1018 814 pro.

104 821 181 874 babile
198 822 296 869 videtur.
332 831 354 863 e.
373 816 466 883 Nequit
480 817 545 867 enim
562 819 653 881 exponi
672 818 701 868 de
718 818 786 867 hirco
804 815 921 867 emissario
940 832 945 865 :
967 814 1016 866 Ne=

104 886 237 950 quinetiam
256 883 348 947 exponi
361 882 501 946 depersoner
514 882 616 947 quadam
632 881 679 934 sire
693 882 800 946 Angelus
819 883 898 931 bonus
914 889 954 932 aut
967 897 1018 931 ma-

104 951 153 1006 lns‚
170 948 215 997 sive
229 947 305 997 homo
319 947 352 997 sit.
388 947 461 998 Nulla
473 949 537 998 enim
552 947 638 997 idonea
651 950 719 1003 ratio,
737 948 770 997 ob
783 961 855 1011 quam
869 945 948 996 hircus
959 944 1016 996 Deo

102 1012 194 1062 boceto
206 1011 234 1062 ad
249 1013 396 1076 expiandum
414 1024 511 1078 peccata
529 1012 597 1063 datus
611 1013 675 1063 lbrte
693 1012 788 1077 Angelo
805 1010 850 1059 &c
867 1009 1018 1075 allignandus

101 1077 178 1126 suerit.
222 1076 289 1126 Nihil
311 1077 374 1128 aliud
392 1079 476 1128 restare
494 1078 585 1134 uideo,
612 1077 642 1127 de
669 1094 719 1145 quo
742 1075 875 1128 commode
896 1076 1016 1141 explicem

101 1168 172 1218 quam
188 1153 278 1205 lucum.
306 1162 327 1208 β.
343 1153 434 1205 Plarasis
449 1163 532 1203 annae
546 1139 631 1210 brurisa
644 1156 811 1210 addabarim,
831 1168 884 1216 que
902 1152 977 1203 exstat
994 1165 1014 1200 v.

30 1259 32 1261 >
104 1242 139 1276 ro.
154 1236 191 1278 26.
210 1228 272 1279 hanc
280 1228 457 1293 expositionem
470 1228 586 1285 admittit,
604 1244 661 1279 nam
674 1226 690 1287 b
705 1232 736 1281 ita
754 1226 918 1279 constructum
933 1226 1017 1276 locum

100 1302 253 1368 indicatJud.
275 1302 314 1354 Vs.
331 1311 351 1359 8.
377 1300 463 1357 illinis)
485 1313 531 1353 utu
549 1291 606 1355 isliu
626 1303 702 1351 duma
718 1322 819 1368 quemque
835 1310 857 1353 in
872 1307 966 1352 ,centuria
975 1301 1017 1363 sna

101 1380 165 1429 coris.
180 1395 199 1428 1.
210 1379 270 1430 Sam.
283 1377 350 1430 Xsll.
365 1394 400 1430 12.
424 1396 445 1432 a.
459 1377 533 1428 Nulla
546 1377 672 1430 difficultas
686 1381 748 1431 cirea
764 1381 852 1432 sortem
865 1365 951 1445 brsrrtb
967 1377 1013 1427 scii„

102 1454 203 1507 uterque
216 1445 295 1493 hir-cus
308 1443 353 1493 Dei
373 1452 442 1493 erat:
471 1445 501 1493 tlt
518 1459 549 1492 ex
565 1443 689 1495 voluntate
710 1445 776 1506 ejuS,
794 1448 862 1508 cujus
875 1445 1014 1499 illierant,

101 1523 163 1557 uirus
174 1507 267 1557 nonnisi
283 1510 307 1557 in
326 1509 419 1573 templo
437 1522 518 1558 coram
537 1506 649 1559 Domino
667 1509 858 1561 immolabatur:
878 1508 944 1560 iliter
956 1508 1016 1557 liber

100 1572 253 1623 emittebatur
265 1571 294 1624 ad
306 1571 440 1624 Azazelem.
485 1573 523 1622 Ad
537 1572 627 1624 diversa
639 1575 720 1639 itaque
731 1574 776 1626 sata
790 1574 935 1641 designanda
948 1571 1016 1623 sorti-

102 1655 147 1705 bus
164 1654 350 1706 inscribebantur
372 1670 445 1706 voces
467 1638 536 1705 nin’b
555 1652 577 1694 &
598 1642 689 1711 braida
721 1652 809 1720 Neque
824 1657 889 1704 enim
901 1652 1016 1717 agebatur

102 1732 132 1782 de
146 1731 239 1782 diversis
249 1731 379 1788 Dominis,
399 1731 486 1798 quibus
501 1728 560 1778 hirci
575 1731 609 1780 illi
624 1728 707 1781 cessbri
721 1729 778 1789 smt,
797 1731 850 1789 sed,
864 1732 899 1782 uti
911 1729 1015 1784 diuum„

101 1795 196 1846 diversis
212 1796 266 1846 satis
284 1797 406 1847 hircorum
427 1795 484 1847 Deo
504 1792 591 1847 israelis
606 1795 724 1846 datorum.
771 1797 791 1846 l.
810 1796 882 1848 Favet
896 1809 1014 1861 quoqsser

101 1860 168 1924 quod
185 1861 272 1911 Azazel
288 1861 376 1912 dicitur
393 1863 417 1911 in
439 1859 539 1910 deserto.
592 1859 719 1911 Desertum
735 1861 803 1913 locus
819 1862 937 1926 generalia
952 1895 959 1915 ‚
977 1857 1017 1906 sed

101 1925 189 1976 Azanes
202 1925 311 1990 specialis.
346 1925 435 1976 Similia
449 1924 522 1975 habes
536 1921 585 1988 Jus.
603 1923 664 1976 XX.
679 1933 699 1981 8.
718 1936 803 1977 anan:
822 1937 872 1977 atr:
898 1930 979 1979 beraea·
990 1928 1015 1970 in

102 2006 186 2065 destruo.
207 2019 227 2053 r„
242 2002 300 2068 Reg„
316 2002 359 2054 lX„
374 2012 409 2059 18.
435 2014 518 2056 anan:
545 2015 597 2055 ann
623 2002 686 2053 coris.
712 2016 731 2052 1.
752 2002 814 2053 Sam.
833 2002 901 2054 Xlll.
920 2010 956 2058 18.
992 2014 1013 2050 2.

101 2066 308 2120 Sanr.XVsl.16.
347 2086 362 2114 ε.
381 2067 503 2133 decedit¹³
531 2067 598 2132 qnod
616 2083 638 2116 v.
656 2080 694 2117 ar.
721 2067 778 2118 loeo
801 2069 889 2119 lleazel
910 2075 1014 2133 ponatur

102 2145 154 2185 nata
177 2144 227 2200 paor
240 2147 298 2181 terra
312 2134 376 2194 euciJi
393 2133 430 2183 vel
444 2133 525 2192 diverbia
541 2168 548 2188 ,
568 2133 603 2182 nti
616 2148 646 2182 eu
665 2135 783 2183 veteribus
798 2134 877 2199 plures
893 2132 958 2183 baud
975 2132 1015 2181 aba

101 2213 127 2247 re
140 2197 282 2258 judicarunt.
319 2197 412 2248 Ultimo
428 2197 581 2255 notandum,
601 2196 722 2249 liilioriam
736 2200 797 2249 birci
811 2197 919 2249 emissarii
932 2198 961 2249 ad
976 2206 1016 2265 pit

102 2261 196 2313 <sedutti
211 2261 276 2313 idem
289 2262 364 2321 velle,
379 2264 409 2313 de
423 2278 473 2327 quo
485 2271 566 2313 autem
580 2262 622 2315 suo
635 2262 692 2314 loco
709 2264 826 2315 dicemus,
961 2274 963 2279 ·

168 2373 189 2429 ἓ.
210 2385 260 2432 142.
283 2371 357 2422 illlata
374 2370 517 2423 sufficienter
530 2371 620 2423 docent
640 2388 691 2423 tion
707 2373 755 2423 fine
769 2373 838 2424 onim
856 2375 905 2425 veri
920 2372 1014 2437 specie,

103 2435 154 2484 imo
171 2437 195 2484 in
214 2451 239 2484 re
258 2435 350 2486 difficili
367 2436 418 2488 satis
431 2437 588 2503 probabiliter
604 2435 669 2488 asseri
686 2441 771 2494 Aerios
781 2439 830 2489 loci
848 2455 939 2491 nomen
962 2437 1013 2488 esse.

100 2499 157 2549 Nec
168 2499 284 2563 impedit,
304 2501 370 2565 quod
385 2518 503 2566 nequeam
524 2503 627 2559 locum,
647 2504 687 2553 ubi
705 2503 761 2554 situs
776 2516 839 2562 erat,
861 2522 892 2555 eit
903 2505 1015 2568 scriptura

103 2563 265 2614 demonstrare
279 2575 319 2615 aot
335 2568 445 2617 vocabuli
464 2570 584 2632 originem
598 2567 659 2618 clare
680 2570 791 2634 pandere.
844 2570 921 2632 Quod
938 2568 1016 2633 polie-

104 2630 151 2676 rius
166 2631 265 2685 attinet,
285 2629 371 2687 veliin,
387 2641 413 2681 ut
431 2634 484 2698 quis
498 2631 605 2698 inspiciat
620 2635 765 2684 ononiallica
788 2635 849 2685 sacra
867 2635 901 2684 rel
917 2634 1017 2683 riniiiina

104 2690 216 2744 locorum
228 2695 362 2762 explicata„
382 2705 434 2747 turn
453 2699 471 2747 is
484 2699 585 2764 reperiet
599 2735 606 2756 ,
620 2699 707 2763 quibus
721 2698 839 2763 levissimis
855 2699 1017 2814 conseptis,

951 2767 1020 2815 itera-
