<?xml version="1.0" encoding="UTF-8"?>
<!DOCTYPE html PUBLIC "-//W3C//DTD XHTML 1.0 Transitional//EN"
    "http://www.w3.org/TR/xhtml1/DTD/xhtml1-transitional.dtd">
<html xmlns="http://www.w3.org/1999/xhtml" xml:lang="en" lang="en">
 <head>
  <title>
</title>
<meta http-equiv="Content-Type" content="text/html;charset=utf-8" />
  <meta name='ocr-system' content='tesseract 3.04.00' />
  <meta name='ocr-capabilities' content='ocr_page ocr_carea ocr_par ocr_line ocrx_word'/>
</head>
<body>
  <div class='ocr_page' id='page_1' title='image "./MN40369ucmf_0/MN40369ucmf_0_0588.png"; bbox 0 0 2297 3134; ppageno 0'>
   <div class='ocr_carea' id='block_1_1' title="bbox 153 271 726 348">
    <p class='ocr_par' dir='ltr' id='par_1_1' title="bbox 153 271 726 348">
     <span class='ocr_line' id='line_1_1' title="bbox 153 271 726 348; baseline -0.019 -11"><span class='ocrx_word' id='word_1_1' title='bbox 153 286 210 348; x_wconf 53' lang='grc' dir='ltr'>1ςῐό</span> <span class='ocrx_word' id='word_1_2' title='bbox 499 272 542 331; x_wconf 83' lang='lat' dir='ltr'>De</span> <span class='ocrx_word' id='word_1_3' title='bbox 564 271 726 331; x_wconf 78' lang='lat' dir='ltr'>Viiiirriarmn</span> 
     </span>
    </p>
   </div>
   <div class='ocr_carea' id='block_1_2' title="bbox 156 380 1066 579">
    <p class='ocr_par' dir='ltr' id='par_1_2' title="bbox 156 380 1066 579">
     <span class='ocr_line' id='line_1_2' title="bbox 156 380 1063 452; baseline -0.002 -17"><span class='ocrx_word' id='word_1_4' title='bbox 156 383 256 452; x_wconf 87' lang='lat' dir='ltr'>phyfico</span> <span class='ocrx_word' id='word_1_5' title='bbox 274 381 341 435; x_wconf 87' lang='lat' dir='ltr'>sensu</span> <span class='ocrx_word' id='word_1_6' title='bbox 361 380 545 449; x_wconf 82' lang='lat' dir='ltr'>frequentiffime</span> <span class='ocrx_word' id='word_1_7' title='bbox 562 381 662 433; x_wconf 79' lang='lat' dir='ltr'>sumitur</span> <span class='ocrx_word' id='word_1_8' title='bbox 675 382 706 432; x_wconf 90' lang='lat' dir='ltr'>de</span> <span class='ocrx_word' id='word_1_9' title='bbox 719 380 818 432; x_wconf 69' lang='lat' dir='ltr'>vidimis</span> <span class='ocrx_word' id='word_1_10' title='bbox 836 380 897 433; x_wconf 85' lang='lat' dir='ltr'>labis</span> <span class='ocrx_word' id='word_1_11' title='bbox 911 383 1063 449; x_wconf 83' lang='lat' dir='ltr'>expertibus,</span> 
     </span>
     <span class='ocr_line' id='line_1_3' title="bbox 158 447 1066 516; baseline -0.001 -15"><span class='ocrx_word' id='word_1_12' title='bbox 158 452 272 501; x_wconf 86' lang='lat' dir='ltr'>omnibus</span> <span class='ocrx_word' id='word_1_13' title='bbox 286 450 409 516; x_wconf 74' lang='lat' dir='ltr'>partibor,</span> <span class='ocrx_word' id='word_1_14' title='bbox 426 449 555 511; x_wconf 85' lang='lat' dir='ltr'>majoribus</span> <span class='ocrx_word' id='word_1_15' title='bbox 568 449 592 497; x_wconf 74' lang='grc' dir='ltr'>δι</span> <span class='ocrx_word' id='word_1_16' title='bbox 606 449 746 503; x_wconf 85' lang='lat' dir='ltr'>minoribus,</span> <span class='ocrx_word' id='word_1_17' title='bbox 762 462 893 513; x_wconf 85' lang='lat' dir='ltr'>earunrque</span> <span class='ocrx_word' id='word_1_18' title='bbox 903 447 1066 508; x_wconf 85' lang='lat' dir='ltr'>facultatibus,</span> 
     </span>
     <span class='ocr_line' id='line_1_4' title="bbox 158 511 887 579; baseline -0.007 -12"><span class='ocrx_word' id='word_1_19' title='bbox 158 516 256 573; x_wconf 83' lang='lat' dir='ltr'>ordine,</span> <span class='ocrx_word' id='word_1_20' title='bbox 270 513 329 572; x_wconf 86' lang='lat' dir='ltr'>fito,</span> <span class='ocrx_word' id='word_1_21' title='bbox 341 514 438 579; x_wconf 83' lang='lat' dir='ltr'>aliisque</span> <span class='ocrx_word' id='word_1_22' title='bbox 449 512 600 579; x_wconf 83' lang='lat' dir='ltr'>qualitatibus</span> <span class='ocrx_word' id='word_1_23' title='bbox 615 511 755 563; x_wconf 86' lang='lat' dir='ltr'>sufficienter</span> <span class='ocrx_word' id='word_1_24' title='bbox 765 512 887 564; x_wconf 76' lang='lat' dir='ltr'>instruitis.</span> 
     </span>
    </p>
   </div>
   <div class='ocr_carea' id='block_1_3' title="bbox 147 609 1067 1585">
    <p class='ocr_par' dir='ltr' id='par_1_3' title="bbox 147 609 1067 1585">
     <span class='ocr_line' id='line_1_5' title="bbox 224 609 1065 676; baseline 0.001 -13"><span class='ocrx_word' id='word_1_25' title='bbox 224 616 245 676; x_wconf 84' lang='lat'>§.</span> <span class='ocrx_word' id='word_1_26' title='bbox 259 611 286 663; x_wconf 89' lang='grc' dir='ltr'>Χ</span> <span class='ocrx_word' id='word_1_27' title='bbox 297 610 345 663; x_wconf 87' lang='lat' dir='ltr'>iX.</span> <span class='ocrx_word' id='word_1_28' title='bbox 364 621 386 662; x_wconf 45' lang='lat'>:¹-</span> <span class='ocrx_word' id='word_1_29' title='bbox 406 609 586 662; x_wconf 81' lang='lat' dir='ltr'>Lerrvittimam</span> <span class='ocrx_word' id='word_1_30' title='bbox 602 626 652 662; x_wconf 88' lang='lat' dir='ltr'>non</span> <span class='ocrx_word' id='word_1_31' title='bbox 668 620 760 662; x_wconf 89' lang='lat' dir='ltr'>tantum</span> <span class='ocrx_word' id='word_1_32' title='bbox 779 609 863 662; x_wconf 88' lang='lat' dir='ltr'>definit</span> <span class='ocrx_word' id='word_1_33' title='bbox 880 610 963 660; x_wconf 64' lang='lat' dir='ltr'>tertiae</span> <span class='ocrx_word' id='word_1_34' title='bbox 978 613 1015 663; x_wconf 89' lang='lat' dir='ltr'>uti</span> <span class='ocrx_word' id='word_1_35' title='bbox 1030 612 1065 662; x_wconf 91' lang='lat' dir='ltr'>di-</span> 
     </span>
     <span class='ocr_line' id='line_1_6' title="bbox 155 675 1065 743; baseline -0.002 -13"><span class='ocrx_word' id='word_1_36' title='bbox 155 677 233 743; x_wconf 74' lang='lat' dir='ltr'>tium,</span> <span class='ocrx_word' id='word_1_37' title='bbox 248 677 286 727; x_wconf 87' lang='lat' dir='ltr'>sed</span> <span class='ocrx_word' id='word_1_38' title='bbox 302 679 325 726; x_wconf 75' lang='lat' dir='ltr'>di</span> <span class='ocrx_word' id='word_1_39' title='bbox 342 678 453 740; x_wconf 62' lang='lat' dir='ltr'>deierandi</span> <span class='ocrx_word' id='word_1_40' title='bbox 467 676 514 727; x_wconf 84' lang='lat' dir='ltr'>sive</span> <span class='ocrx_word' id='word_1_41' title='bbox 527 676 601 743; x_wconf 86' lang='lat' dir='ltr'>qualis</span> <span class='ocrx_word' id='word_1_42' title='bbox 616 692 667 726; x_wconf 88' lang='lat' dir='ltr'>non</span> <span class='ocrx_word' id='word_1_43' title='bbox 683 675 753 740; x_wconf 85' lang='lat' dir='ltr'>poffit</span> <span class='ocrx_word' id='word_1_44' title='bbox 766 675 811 726; x_wconf 83' lang='lat' dir='ltr'>effe</span> <span class='ocrx_word' id='word_1_45' title='bbox 829 676 905 727; x_wconf 80' lang='lat' dir='ltr'>cultui</span> <span class='ocrx_word' id='word_1_46' title='bbox 917 677 982 727; x_wconf 81' lang='lat' dir='ltr'>sacra.</span> <span class='ocrx_word' id='word_1_47' title='bbox 1035 677 1065 728; x_wconf 86' lang='lat' dir='ltr'>Et</span> 
     </span>
     <span class='ocr_line' id='line_1_7' title="bbox 157 739 1064 808; baseline -0.001 -17"><span class='ocrx_word' id='word_1_48' title='bbox 157 742 360 808; x_wconf 83' lang='lat' dir='ltr'>primoquidem,</span> <span class='ocrx_word' id='word_1_49' title='bbox 376 741 473 806; x_wconf 89' lang='lat' dir='ltr'>quando</span> <span class='ocrx_word' id='word_1_50' title='bbox 487 743 593 808; x_wconf 87' lang='lat' dir='ltr'>praecipit</span> <span class='ocrx_word' id='word_1_51' title='bbox 605 740 660 792; x_wconf 85' lang='lat' dir='ltr'>Lev.</span> <span class='ocrx_word' id='word_1_52' title='bbox 671 739 760 793; x_wconf 80' lang='lat' dir='ltr'>xxti.</span> <span class='ocrx_word' id='word_1_53' title='bbox 771 755 811 792; x_wconf 84' lang='lat'>20.</span> <span class='ocrx_word' id='word_1_54' title='bbox 832 749 903 799; x_wconf 69' lang='lat' dir='ltr'>omiti,</span> <span class='ocrx_word' id='word_1_55' title='bbox 913 748 934 790; x_wconf 87' lang='lat' dir='ltr'>in</span> <span class='ocrx_word' id='word_1_56' title='bbox 943 760 983 805; x_wconf 75' lang='lat' dir='ltr'>quo</span> <span class='ocrx_word' id='word_1_57' title='bbox 997 751 1064 794; x_wconf 74' lang='lat' dir='ltr'>:um</span> 
     </span>
     <span class='ocr_line' id='line_1_8' title="bbox 155 804 1065 872; baseline 0.001 -16"><span class='ocrx_word' id='word_1_58' title='bbox 155 825 199 857; x_wconf 81' lang='lat' dir='ltr'>nori</span> <span class='ocrx_word' id='word_1_59' title='bbox 210 807 299 869; x_wconf 75' lang='lat' dir='ltr'>offeretis</span> <span class='ocrx_word' id='word_1_60' title='bbox 317 813 380 863; x_wconf 81' lang='lat' dir='ltr'>Deo,</span> <span class='ocrx_word' id='word_1_61' title='bbox 397 822 419 855; x_wconf 82' lang='lat' dir='ltr'>v.</span> <span class='ocrx_word' id='word_1_62' title='bbox 432 820 470 856; x_wconf 80' lang='lat'>21.</span> <span class='ocrx_word' id='word_1_63' title='bbox 487 809 546 855; x_wconf 72' lang='lat' dir='ltr'>arella</span> <span class='ocrx_word' id='word_1_64' title='bbox 567 816 626 857; x_wconf 66' lang='lat' dir='ltr'>Uin</span> <span class='ocrx_word' id='word_1_65' title='bbox 645 809 726 855; x_wconf 78' lang='lat' dir='ltr'>nticula</span> <span class='ocrx_word' id='word_1_66' title='bbox 738 812 756 855; x_wconf 85' lang='lat' dir='ltr'>ei</span> <span class='ocrx_word' id='word_1_67' title='bbox 769 812 839 855; x_wconf 75' lang='lat' dir='ltr'>inerit.</span> <span class='ocrx_word' id='word_1_68' title='bbox 881 804 952 857; x_wconf 83' lang='lat' dir='ltr'>Conf.</span> <span class='ocrx_word' id='word_1_69' title='bbox 966 823 1065 872; x_wconf 86' lang='lat' dir='ltr'>quoque</span> 
     </span>
     <span class='ocr_line' id='line_1_9' title="bbox 156 869 1066 924; baseline -0.002 0"><span class='ocrx_word' id='word_1_70' title='bbox 156 870 230 924; x_wconf 89' lang='lat' dir='ltr'>Deut.</span> <span class='ocrx_word' id='word_1_71' title='bbox 246 870 336 923; x_wconf 83' lang='lat' dir='ltr'><strong>XVII.</strong></span> <span class='ocrx_word' id='word_1_72' title='bbox 354 885 374 921; x_wconf 88' lang='lat'>1.</span> <span class='ocrx_word' id='word_1_73' title='bbox 394 869 547 923; x_wconf 80' lang='lat' dir='ltr'><strong>Vocabulum</strong></span> <span class='ocrx_word' id='word_1_74' title='bbox 559 870 703 922; x_wconf 84' lang='lat' dir='ltr'>Hebraicom</span> <span class='ocrx_word' id='word_1_75' title='bbox 716 882 775 922; x_wconf 70' lang='lat' dir='ltr'>:tm</span> <span class='ocrx_word' id='word_1_76' title='bbox 793 887 891 921; x_wconf 89' lang='lat' dir='ltr'>ornnem</span> <span class='ocrx_word' id='word_1_77' title='bbox 905 882 973 923; x_wconf 88' lang='lat' dir='ltr'>notat</span> <span class='ocrx_word' id='word_1_78' title='bbox 985 888 1066 922; x_wconf 78' lang='lat' dir='ltr'>utacu-</span> 
     </span>
     <span class='ocr_line' id='line_1_10' title="bbox 156 935 1064 1001; baseline 0.001 -16"><span class='ocrx_word' id='word_1_79' title='bbox 156 936 218 994; x_wconf 83' lang='lat' dir='ltr'>lam,</span> <span class='ocrx_word' id='word_1_80' title='bbox 232 937 395 987; x_wconf 82' lang='lat' dir='ltr'>communiter</span> <span class='ocrx_word' id='word_1_81' title='bbox 417 938 543 999; x_wconf 87' lang='lat' dir='ltr'>corporis,</span> <span class='ocrx_word' id='word_1_82' title='bbox 570 951 623 1001; x_wconf 80' lang='lat' dir='ltr'>quae</span> <span class='ocrx_word' id='word_1_83' title='bbox 638 938 687 999; x_wconf 83' lang='lat' dir='ltr'>ejus</span> <span class='ocrx_word' id='word_1_84' title='bbox 706 935 911 1000; x_wconf 86' lang='lat' dir='ltr'>pulchritudinem</span> <span class='ocrx_word' id='word_1_85' title='bbox 928 936 989 988; x_wconf 88' lang='lat' dir='ltr'>Dan.</span> <span class='ocrx_word' id='word_1_86' title='bbox 1010 937 1026 988; x_wconf 91' lang='lat' dir='ltr'>l.</span> <span class='ocrx_word' id='word_1_87' title='bbox 1041 951 1064 999; x_wconf 78' lang='lat'>4.</span> 
     </span>
     <span class='ocr_line' id='line_1_11' title="bbox 157 999 1066 1065; baseline 0 -14"><span class='ocrx_word' id='word_1_88' title='bbox 157 1014 180 1052; x_wconf 81' lang='lat'>2.</span> <span class='ocrx_word' id='word_1_89' title='bbox 193 1001 254 1052; x_wconf 84' lang='lat' dir='ltr'>Sam.</span> <span class='ocrx_word' id='word_1_90' title='bbox 271 999 340 1052; x_wconf 80' lang='lat' dir='ltr'>Xtv.</span> <span class='ocrx_word' id='word_1_91' title='bbox 352 1014 390 1060; x_wconf 83' lang='lat'>25.</span> <span class='ocrx_word' id='word_1_92' title='bbox 408 1000 578 1065; x_wconf 80' lang='lat' dir='ltr'>perfettionem</span> <span class='ocrx_word' id='word_1_93' title='bbox 593 1001 669 1058; x_wconf 82' lang='lat' dir='ltr'>laedit,</span> <span class='ocrx_word' id='word_1_94' title='bbox 686 999 732 1050; x_wconf 84' lang='lat' dir='ltr'>five</span> <span class='ocrx_word' id='word_1_95' title='bbox 741 1011 831 1059; x_wconf 83' lang='lat' dir='ltr'>natura,</span> <span class='ocrx_word' id='word_1_96' title='bbox 843 1001 889 1051; x_wconf 84' lang='lat' dir='ltr'>five</span> <span class='ocrx_word' id='word_1_97' title='bbox 902 1003 1005 1058; x_wconf 91' lang='lat' dir='ltr'>morbo,</span> <span class='ocrx_word' id='word_1_98' title='bbox 1019 1001 1066 1052; x_wconf 85' lang='lat' dir='ltr'>five</span> 
     </span>
     <span class='ocr_line' id='line_1_12' title="bbox 150 1065 1066 1130; baseline 0.003 -16"><span class='ocrx_word' id='word_1_99' title='bbox 150 1065 209 1118; x_wconf 72' lang='lat' dir='ltr'>,casu</span> <span class='ocrx_word' id='word_1_100' title='bbox 221 1074 262 1117; x_wconf 89' lang='lat' dir='ltr'>aut</span> <span class='ocrx_word' id='word_1_101' title='bbox 278 1066 324 1116; x_wconf 87' lang='lat' dir='ltr'>aiio</span> <span class='ocrx_word' id='word_1_102' title='bbox 337 1066 418 1130; x_wconf 88' lang='lat' dir='ltr'>aliquo</span> <span class='ocrx_word' id='word_1_103' title='bbox 433 1066 508 1117; x_wconf 89' lang='lat' dir='ltr'>modo</span> <span class='ocrx_word' id='word_1_104' title='bbox 524 1065 644 1116; x_wconf 77' lang='lat' dir='ltr'>contraite</span> <span class='ocrx_word' id='word_1_105' title='bbox 660 1065 737 1117; x_wconf 90' lang='lat' dir='ltr'>fuerit.</span> <span class='ocrx_word' id='word_1_106' title='bbox 781 1065 859 1116; x_wconf 85' lang='lat' dir='ltr'>Notio</span> <span class='ocrx_word' id='word_1_107' title='bbox 874 1066 934 1117; x_wconf 86' lang='lat' dir='ltr'>adeo</span> <span class='ocrx_word' id='word_1_108' title='bbox 946 1077 1022 1124; x_wconf 89' lang='lat' dir='ltr'>certa,</span> <span class='ocrx_word' id='word_1_109' title='bbox 1039 1077 1066 1118; x_wconf 91' lang='lat' dir='ltr'>ut</span> 
     </span>
     <span class='ocr_line' id='line_1_13' title="bbox 156 1132 1064 1197; baseline 0.001 -17"><span class='ocrx_word' id='word_1_110' title='bbox 156 1132 183 1180; x_wconf 91' lang='lat' dir='ltr'>in</span> <span class='ocrx_word' id='word_1_111' title='bbox 194 1147 221 1182; x_wconf 85' lang='lat' dir='ltr'>ea</span> <span class='ocrx_word' id='word_1_112' title='bbox 238 1132 382 1181; x_wconf 84' lang='lat' dir='ltr'>conueniant</span> <span class='ocrx_word' id='word_1_113' title='bbox 394 1138 483 1180; x_wconf 85' lang='lat' dir='ltr'>veteres</span> <span class='ocrx_word' id='word_1_114' title='bbox 496 1132 520 1181; x_wconf 77' lang='lat' dir='ltr'>dc</span> <span class='ocrx_word' id='word_1_115' title='bbox 537 1132 680 1181; x_wconf 84' lang='lat' dir='ltr'>recentiores</span> <span class='ocrx_word' id='word_1_116' title='bbox 694 1132 835 1195; x_wconf 84' lang='lat' dir='ltr'>interpretes</span> <span class='ocrx_word' id='word_1_117' title='bbox 849 1148 855 1193; x_wconf 89' lang='lat'>;</span> <span class='ocrx_word' id='word_1_118' title='bbox 874 1132 960 1197; x_wconf 82' lang='lat' dir='ltr'>Syrus,</span> <span class='ocrx_word' id='word_1_119' title='bbox 978 1132 1064 1187; x_wconf 84' lang='lat' dir='ltr'>Arabs,</span> 
     </span>
     <span class='ocr_line' id='line_1_14' title="bbox 154 1193 1064 1260; baseline 0.001 -13"><span class='ocrx_word' id='word_1_120' title='bbox 154 1195 327 1253; x_wconf 78' lang='lat' dir='ltr'>Samaritanus,</span> <span class='ocrx_word' id='word_1_121' title='bbox 344 1194 423 1252; x_wconf 84' lang='lat' dir='ltr'>Persa,</span> <span class='ocrx_word' id='word_1_122' title='bbox 441 1194 558 1252; x_wconf 82' lang='lat' dir='ltr'>Chaldaei,</span> <span class='ocrx_word' id='word_1_123' title='bbox 575 1205 602 1245; x_wconf 91' lang='lat' dir='ltr'>ut</span> <span class='ocrx_word' id='word_1_124' title='bbox 615 1194 726 1246; x_wconf 88' lang='lat' dir='ltr'>Onlrelos</span> <span class='ocrx_word' id='word_1_125' title='bbox 741 1233 748 1251; x_wconf 92' lang='lat'><strong>‚</strong></span> <span class='ocrx_word' id='word_1_126' title='bbox 766 1193 887 1260; x_wconf 86' lang='lat' dir='ltr'>Jooathan</span> <span class='ocrx_word' id='word_1_127' title='bbox 901 1207 964 1247; x_wconf 75' lang='lat' dir='ltr'>truttt</span> <span class='ocrx_word' id='word_1_128' title='bbox 983 1196 1064 1248; x_wconf 85' lang='lat' dir='ltr'>LXX.</span> 
     </span>
     <span class='ocr_line' id='line_1_15' title="bbox 156 1258 1066 1328; baseline 0.007 -22"><span class='ocrx_word' id='word_1_129' title='bbox 156 1265 243 1322; x_wconf 61' lang='lat' dir='ltr'>papir,</span> <span class='ocrx_word' id='word_1_130' title='bbox 260 1260 309 1312; x_wconf 90' lang='lat' dir='ltr'>Vul</span> <span class='ocrx_word' id='word_1_131' title='bbox 329 1299 334 1310; x_wconf 93' lang='lat'>.</span> <span class='ocrx_word' id='word_1_132' title='bbox 352 1262 445 1321; x_wconf 66' lang='lat' dir='ltr'>irrorata,</span> <span class='ocrx_word' id='word_1_133' title='bbox 457 1259 529 1312; x_wconf 70' lang='lat' dir='ltr'>Luth,</span> <span class='ocrx_word' id='word_1_134' title='bbox 544 1258 615 1326; x_wconf 57' lang='lat' dir='ltr'>{iubis</span> <span class='ocrx_word' id='word_1_135' title='bbox 628 1259 739 1325; x_wconf 85' lang='lat' dir='ltr'>Tigurini</span> <span class='ocrx_word' id='word_1_136' title='bbox 750 1259 866 1328; x_wconf 61' lang='lat' dir='ltr'>fflidugci,</span> <span class='ocrx_word' id='word_1_137' title='bbox 901 1259 954 1311; x_wconf 85' lang='lat' dir='ltr'>imo</span> <span class='ocrx_word' id='word_1_138' title='bbox 968 1260 1018 1312; x_wconf 85' lang='lat' dir='ltr'>haec</span> <span class='ocrx_word' id='word_1_139' title='bbox 1030 1264 1066 1326; x_wconf 90' lang='lat' dir='ltr'>ip-</span> 
     </span>
     <span class='ocr_line' id='line_1_16' title="bbox 157 1276 1066 1391; baseline 0.002 -16"><span class='ocrx_word' id='word_1_140' title='bbox 157 1326 179 1376; x_wconf 89' lang='lat' dir='ltr'>sa</span> <span class='ocrx_word' id='word_1_141' title='bbox 191 1340 240 1376; x_wconf 89' lang='lat' dir='ltr'>vox</span> <span class='ocrx_word' id='word_1_142' title='bbox 255 1276 345 1376; x_wconf 54' lang='lat' dir='ltr'>tranffir</span> <span class='ocrx_word' id='word_1_143' title='bbox 359 1324 388 1375; x_wconf 89' lang='lat' dir='ltr'>ad</span> <span class='ocrx_word' id='word_1_144' title='bbox 399 1324 454 1375; x_wconf 85' lang='lat' dir='ltr'>alias</span> <span class='ocrx_word' id='word_1_145' title='bbox 466 1325 583 1391; x_wconf 77' lang='lat' dir='ltr'>Linguae,</span> <span class='ocrx_word' id='word_1_146' title='bbox 596 1324 760 1382; x_wconf 80' lang='lat' dir='ltr'>Chaldaicam,</span> <span class='ocrx_word' id='word_1_147' title='bbox 775 1325 895 1390; x_wconf 85' lang='lat' dir='ltr'>Syriacam</span> <span class='ocrx_word' id='word_1_148' title='bbox 910 1337 986 1376; x_wconf 71' lang='lat' dir='ltr'>uuiti,</span> <span class='ocrx_word' id='word_1_149' title='bbox 1000 1326 1066 1377; x_wconf 85' lang='lat' dir='ltr'>Grae-</span> 
     </span>
     <span class='ocr_line' id='line_1_17' title="bbox 157 1389 1066 1457; baseline 0.002 -16"><span class='ocrx_word' id='word_1_150' title='bbox 157 1406 222 1448; x_wconf 88' lang='lat' dir='ltr'>cam,</span> <span class='ocrx_word' id='word_1_151' title='bbox 239 1389 304 1441; x_wconf 89' lang='lat' dir='ltr'>unde</span> <span class='ocrx_word' id='word_1_152' title='bbox 321 1394 407 1450; x_wconf 66' lang='lat' dir='ltr'>peiuri,</span> <span class='ocrx_word' id='word_1_153' title='bbox 422 1389 529 1441; x_wconf 82' lang='lat' dir='ltr'>Latinam</span> <span class='ocrx_word' id='word_1_154' title='bbox 542 1408 627 1440; x_wconf 74' lang='lat' dir='ltr'>atomus.</span> <span class='ocrx_word' id='word_1_155' title='bbox 671 1391 787 1441; x_wconf 84' lang='lat' dir='ltr'>Arabibus</span> <span class='ocrx_word' id='word_1_156' title='bbox 799 1391 856 1441; x_wconf 83' lang='lat' dir='ltr'>loco</span> <span class='ocrx_word' id='word_1_157' title='bbox 871 1392 966 1453; x_wconf 72' lang='lat' dir='ltr'>generis</span> <span class='ocrx_word' id='word_1_158' title='bbox 979 1390 1066 1457; x_wconf 88' lang='lat' dir='ltr'>species</span> 
     </span>
     <span class='ocr_line' id='line_1_18' title="bbox 147 1454 1067 1526; baseline 0.005 -22"><span class='ocrx_word' id='word_1_159' title='bbox 147 1457 230 1526; x_wconf 59' lang='lat' dir='ltr'>febris,</span> <span class='ocrx_word' id='word_1_160' title='bbox 242 1456 342 1518; x_wconf 77' lang='lat' dir='ltr'>pleuritis</span> <span class='ocrx_word' id='word_1_161' title='bbox 358 1454 405 1505; x_wconf 89' lang='lat' dir='ltr'>hoc</span> <span class='ocrx_word' id='word_1_162' title='bbox 420 1459 519 1506; x_wconf 87' lang='lat' dir='ltr'>nomine</span> <span class='ocrx_word' id='word_1_163' title='bbox 537 1457 609 1505; x_wconf 89' lang='lat' dir='ltr'>veuit.</span> <span class='ocrx_word' id='word_1_164' title='bbox 653 1455 761 1517; x_wconf 83' lang='lat' dir='ltr'>Quando</span> <span class='ocrx_word' id='word_1_165' title='bbox 781 1470 860 1506; x_wconf 87' lang='lat' dir='ltr'>autem</span> <span class='ocrx_word' id='word_1_166' title='bbox 876 1454 1005 1506; x_wconf 84' lang='lat' dir='ltr'>Kircherus</span> <span class='ocrx_word' id='word_1_167' title='bbox 1024 1474 1067 1509; x_wconf 83' lang='lat' dir='ltr'>uo-</span> 
     </span>
     <span class='ocr_line' id='line_1_19' title="bbox 153 1520 916 1585; baseline 0 -14"><span class='ocrx_word' id='word_1_168' title='bbox 153 1537 213 1582; x_wconf 63' lang='lat' dir='ltr'>cem</span> <span class='ocrx_word' id='word_1_169' title='bbox 222 1536 255 1571; x_wconf 82' lang='lat' dir='ltr'>ex</span> <span class='ocrx_word' id='word_1_170' title='bbox 268 1530 369 1585; x_wconf 21' lang='lat' dir='ltr'>cog-nata</span> <span class='ocrx_word' id='word_1_171' title='bbox 381 1530 426 1585; x_wconf 65' lang='lat' dir='ltr'>inst</span> <span class='ocrx_word' id='word_1_172' title='bbox 444 1520 556 1572; x_wconf 83' lang='lat' dir='ltr'>illustrare</span> <span class='ocrx_word' id='word_1_173' title='bbox 569 1520 638 1578; x_wconf 83' lang='lat' dir='ltr'>ruit,</span> <span class='ocrx_word' id='word_1_174' title='bbox 656 1520 777 1576; x_wconf 83' lang='lat' dir='ltr'>detorsuni</span> <span class='ocrx_word' id='word_1_175' title='bbox 794 1522 864 1571; x_wconf 81' lang='lat' dir='ltr'>nimie</span> <span class='ocrx_word' id='word_1_176' title='bbox 876 1521 916 1571; x_wconf 71' lang='lat' dir='ltr'>eii</span> 
     </span>
    </p>
   </div>
   <div class='ocr_carea' id='block_1_4' title="bbox 152 1632 1070 2207">
    <p class='ocr_par' dir='ltr' id='par_1_4' title="bbox 152 1632 1070 2207">
     <span class='ocr_line' id='line_1_20' title="bbox 226 1632 1070 1697; baseline 0.001 -11"><span class='ocrx_word' id='word_1_177' title='bbox 226 1636 248 1694; x_wconf 57' lang='grc' dir='ltr'>ἕ.</span> <span class='ocrx_word' id='word_1_178' title='bbox 265 1634 331 1687; x_wconf 84' lang='lat' dir='ltr'>XX.</span> <span class='ocrx_word' id='word_1_179' title='bbox 349 1636 456 1697; x_wconf 84' lang='lat' dir='ltr'>Quando</span> <span class='ocrx_word' id='word_1_180' title='bbox 472 1654 530 1688; x_wconf 88' lang='lat' dir='ltr'>vero</span> <span class='ocrx_word' id='word_1_181' title='bbox 542 1638 634 1687; x_wconf 72' lang='lat' dir='ltr'>uitiima</span> <span class='ocrx_word' id='word_1_182' title='bbox 648 1637 705 1688; x_wconf 86' lang='lat' dir='ltr'>Deo</span> <span class='ocrx_word' id='word_1_183' title='bbox 720 1637 781 1687; x_wconf 78' lang='lat' dir='ltr'>sacra</span> <span class='ocrx_word' id='word_1_184' title='bbox 796 1646 855 1688; x_wconf 70' lang='lat' dir='ltr'>mitt</span> <span class='ocrx_word' id='word_1_185' title='bbox 872 1632 921 1687; x_wconf 59' lang='lat' dir='ltr'>RS:</span> <span class='ocrx_word' id='word_1_186' title='bbox 930 1638 974 1697; x_wconf 81' lang='lat' dir='ltr'>fine</span> <span class='ocrx_word' id='word_1_187' title='bbox 990 1638 1070 1687; x_wconf 72' lang='lat' dir='ltr'>anicula</span> 
     </span>
     <span class='ocr_line' id='line_1_21' title="bbox 159 1700 1069 1767; baseline 0.002 -15"><span class='ocrx_word' id='word_1_188' title='bbox 159 1703 298 1767; x_wconf 83' lang='lat' dir='ltr'>requiritur,</span> <span class='ocrx_word' id='word_1_189' title='bbox 312 1704 405 1751; x_wconf 83' lang='lat' dir='ltr'>constat</span> <span class='ocrx_word' id='word_1_190' title='bbox 417 1703 483 1766; x_wconf 87' lang='lat' dir='ltr'>quod</span> <span class='ocrx_word' id='word_1_191' title='bbox 498 1703 606 1752; x_wconf 85' lang='lat' dir='ltr'>debuerit</span> <span class='ocrx_word' id='word_1_192' title='bbox 623 1700 667 1750; x_wconf 74' lang='lat' dir='ltr'>eise</span> <span class='ocrx_word' id='word_1_193' title='bbox 681 1702 769 1766; x_wconf 83' lang='lat' dir='ltr'>absque</span> <span class='ocrx_word' id='word_1_194' title='bbox 784 1702 830 1752; x_wconf 84' lang='lat' dir='ltr'>ulia</span> <span class='ocrx_word' id='word_1_195' title='bbox 845 1703 910 1759; x_wconf 85' lang='lat' dir='ltr'>labe,</span> <span class='ocrx_word' id='word_1_196' title='bbox 928 1718 976 1751; x_wconf 88' lang='lat' dir='ltr'>non</span> <span class='ocrx_word' id='word_1_197' title='bbox 991 1701 1069 1753; x_wconf 85' lang='lat' dir='ltr'>solum</span> 
     </span>
     <span class='ocr_line' id='line_1_22' title="bbox 158 1764 1068 1829; baseline 0.003 -13"><span class='ocrx_word' id='word_1_198' title='bbox 158 1765 258 1816; x_wconf 86' lang='lat' dir='ltr'>notabili</span> <span class='ocrx_word' id='word_1_199' title='bbox 271 1764 309 1814; x_wconf 86' lang='lat' dir='ltr'>sed</span> <span class='ocrx_word' id='word_1_200' title='bbox 322 1766 346 1814; x_wconf 78' lang='lat' dir='ltr'>dc</span> <span class='ocrx_word' id='word_1_201' title='bbox 360 1767 440 1815; x_wconf 85' lang='lat' dir='ltr'>minus</span> <span class='ocrx_word' id='word_1_202' title='bbox 453 1766 564 1822; x_wconf 86' lang='lat' dir='ltr'>notabili,</span> <span class='ocrx_word' id='word_1_203' title='bbox 581 1765 697 1821; x_wconf 85' lang='lat' dir='ltr'>naturali,</span> <span class='ocrx_word' id='word_1_204' title='bbox 716 1765 838 1829; x_wconf 85' lang='lat' dir='ltr'>acquisito,</span> <span class='ocrx_word' id='word_1_205' title='bbox 855 1767 935 1816; x_wconf 83' lang='lat' dir='ltr'>saltem</span> <span class='ocrx_word' id='word_1_206' title='bbox 953 1767 1027 1817; x_wconf 87' lang='lat' dir='ltr'>stabili</span> <span class='ocrx_word' id='word_1_207' title='bbox 1041 1784 1068 1819; x_wconf 91' lang='lat' dir='ltr'>ac</span> 
     </span>
     <span class='ocr_line' id='line_1_23' title="bbox 158 1829 1068 1896; baseline 0.002 -15"><span class='ocrx_word' id='word_1_208' title='bbox 158 1840 270 1896; x_wconf 87' lang='lat' dir='ltr'>tempore</span> <span class='ocrx_word' id='word_1_209' title='bbox 287 1830 487 1887; x_wconf 78' lang='lat' dir='ltr'>consecrationis,</span> <span class='ocrx_word' id='word_1_210' title='bbox 506 1833 530 1879; x_wconf 78' lang='lat' dir='ltr'>iic</span> <span class='ocrx_word' id='word_1_211' title='bbox 548 1829 693 1880; x_wconf 78' lang='lat' dir='ltr'>mattationis</span> <span class='ocrx_word' id='word_1_212' title='bbox 709 1832 730 1879; x_wconf 87' lang='lat' dir='ltr'>ci</span> <span class='ocrx_word' id='word_1_213' title='bbox 745 1831 892 1888; x_wconf 81' lang='lat' dir='ltr'>inhaerente,</span> <span class='ocrx_word' id='word_1_214' title='bbox 912 1831 1018 1881; x_wconf 85' lang='lat' dir='ltr'>animalis</span> <span class='ocrx_word' id='word_1_215' title='bbox 1032 1849 1068 1883; x_wconf 86' lang='lat' dir='ltr'>re-</span> 
     </span>
     <span class='ocr_line' id='line_1_24' title="bbox 159 1895 1065 1960; baseline 0.001 -14"><span class='ocrx_word' id='word_1_216' title='bbox 159 1896 200 1946; x_wconf 77' lang='lat' dir='ltr'>tiae</span> <span class='ocrx_word' id='word_1_217' title='bbox 214 1904 316 1953; x_wconf 79' lang='lat' dir='ltr'>staturae,</span> <span class='ocrx_word' id='word_1_218' title='bbox 330 1897 449 1960; x_wconf 87' lang='lat' dir='ltr'>partibus,</span> <span class='ocrx_word' id='word_1_219' title='bbox 467 1895 588 1952; x_wconf 84' lang='lat' dir='ltr'>sensibus,</span> <span class='ocrx_word' id='word_1_220' title='bbox 605 1896 736 1951; x_wconf 88' lang='lat' dir='ltr'>membris,</span> <span class='ocrx_word' id='word_1_221' title='bbox 757 1895 856 1952; x_wconf 82' lang='lat' dir='ltr'>formae,</span> <span class='ocrx_word' id='word_1_222' title='bbox 879 1896 1065 1960; x_wconf 82' lang='lat' dir='ltr'>pulchritudini,</span> 
     </span>
     <span class='ocr_line' id='line_1_25' title="bbox 152 1959 1065 2025; baseline -0.005 -13"><span class='ocrx_word' id='word_1_223' title='bbox 152 1961 252 2025; x_wconf 48' lang='lat' dir='ltr'>,quaeab</span> <span class='ocrx_word' id='word_1_224' title='bbox 270 1959 408 2011; x_wconf 85' lang='lat' dir='ltr'>hominibus</span> <span class='ocrx_word' id='word_1_225' title='bbox 424 1960 540 2011; x_wconf 84' lang='lat' dir='ltr'>observari</span> <span class='ocrx_word' id='word_1_226' title='bbox 556 1968 665 2025; x_wconf 82' lang='lat' dir='ltr'>poterat,</span> <span class='ocrx_word' id='word_1_227' title='bbox 684 1960 790 2016; x_wconf 84' lang='lat' dir='ltr'>adversa,</span> <span class='ocrx_word' id='word_1_228' title='bbox 812 1973 839 2010; x_wconf 91' lang='lat' dir='ltr'>ut</span> <span class='ocrx_word' id='word_1_229' title='bbox 854 1976 909 2011; x_wconf 90' lang='lat' dir='ltr'>vere</span> <span class='ocrx_word' id='word_1_230' title='bbox 921 1959 947 2009; x_wconf 85' lang='lat' dir='ltr'>lit</span> <span class='ocrx_word' id='word_1_231' title='bbox 962 1959 1065 2021; x_wconf 62' lang='grc' dir='ltr'>ἄμωμος,</span> 
     </span>
     <span class='ocr_line' id='line_1_26' title="bbox 158 2023 1067 2091; baseline 0.007 -20"><span class='ocrx_word' id='word_1_232' title='bbox 158 2023 283 2086; x_wconf 63' lang='lat' dir='ltr'>durentur,</span> <span class='ocrx_word' id='word_1_233' title='bbox 299 2023 394 2075; x_wconf 67' lang='lat' dir='ltr'>dromo.</span> <span class='ocrx_word' id='word_1_234' title='bbox 447 2025 473 2075; x_wconf 89' lang='lat' dir='ltr'>ld</span> <span class='ocrx_word' id='word_1_235' title='bbox 487 2025 554 2091; x_wconf 90' lang='lat' dir='ltr'>quod</span> <span class='ocrx_word' id='word_1_236' title='bbox 571 2024 668 2074; x_wconf 82' lang='lat' dir='ltr'>inferius</span> <span class='ocrx_word' id='word_1_237' title='bbox 688 2040 719 2074; x_wconf 86' lang='lat' dir='ltr'>ex</span> <span class='ocrx_word' id='word_1_238' title='bbox 735 2025 879 2085; x_wconf 11' lang='lat' dir='ltr'>&gt;induitione</span> <span class='ocrx_word' id='word_1_239' title='bbox 901 2027 1067 2085; x_wconf 70' lang='lat' dir='ltr'>macularum,</span> 
     </span>
     <span class='ocr_line' id='line_1_27' title="bbox 158 2089 1068 2205; baseline 0.001 -63"><span class='ocrx_word' id='word_1_240' title='bbox 158 2090 289 2205; x_wconf 53' lang='lat' dir='ltr'>tumstJussrta</span> <span class='ocrx_word' id='word_1_241' title='bbox 303 2089 408 2149; x_wconf 82' lang='lat' dir='ltr'>Mosen,</span> <span class='ocrx_word' id='word_1_242' title='bbox 428 2098 480 2142; x_wconf 88' lang='lat' dir='ltr'>tum</span> <span class='ocrx_word' id='word_1_243' title='bbox 498 2091 566 2155; x_wconf 85' lang='lat' dir='ltr'>juxta</span> <span class='ocrx_word' id='word_1_244' title='bbox 583 2090 704 2155; x_wconf 86' lang='lat' dir='ltr'>Sapientes</span> <span class='ocrx_word' id='word_1_245' title='bbox 719 2105 746 2140; x_wconf 85' lang='lat' dir='ltr'>ac</span> <span class='ocrx_word' id='word_1_246' title='bbox 764 2090 886 2153; x_wconf 75' lang='lat' dir='ltr'>subjuntia</span> <span class='ocrx_word' id='word_1_247' title='bbox 900 2092 962 2154; x_wconf 68' lang='grc' dir='ltr'>κρίσει</span> <span class='ocrx_word' id='word_1_248' title='bbox 974 2093 1068 2156; x_wconf 81' lang='lat' dir='ltr'>plenius</span> 
     </span>
     <span class='ocr_line' id='line_1_28' title="bbox 160 2156 284 2207; baseline -0.024 0"><span class='ocrx_word' id='word_1_249' title='bbox 160 2166 207 2207; x_wconf 81' lang='lat' dir='ltr'>con</span> <span class='ocrx_word' id='word_1_250' title='bbox 230 2172 240 2205; x_wconf 90' lang='lat' dir='ltr'>a</span> <span class='ocrx_word' id='word_1_251' title='bbox 259 2156 284 2205; x_wconf 84' lang='lat' dir='ltr'>it.</span> 
     </span>
    </p>
   </div>
   <div class='ocr_carea' id='block_1_5' title="bbox 157 2249 1069 2840">
    <p class='ocr_par' dir='ltr' id='par_1_5' title="bbox 157 2249 1069 2840">
     <span class='ocr_line' id='line_1_29' title="bbox 227 2249 1068 2318; baseline 0 -14"><span class='ocrx_word' id='word_1_252' title='bbox 227 2252 247 2311; x_wconf 59' lang='grc' dir='ltr'>δ.</span> <span class='ocrx_word' id='word_1_253' title='bbox 266 2249 349 2304; x_wconf 86' lang='lat' dir='ltr'>XXI.</span> <span class='ocrx_word' id='word_1_254' title='bbox 371 2252 469 2304; x_wconf 84' lang='lat' dir='ltr'>Constat</span> <span class='ocrx_word' id='word_1_255' title='bbox 482 2251 558 2309; x_wconf 87' lang='lat' dir='ltr'>dein,</span> <span class='ocrx_word' id='word_1_256' title='bbox 579 2252 646 2318; x_wconf 91' lang='lat' dir='ltr'>quod</span> <span class='ocrx_word' id='word_1_257' title='bbox 662 2253 701 2304; x_wconf 81' lang='lat' dir='ltr'>lex</span> <span class='ocrx_word' id='word_1_258' title='bbox 715 2252 788 2304; x_wconf 87' lang='lat' dir='ltr'>Deut.</span> <span class='ocrx_word' id='word_1_259' title='bbox 803 2251 892 2305; x_wconf 76' lang='lat' dir='ltr'><strong>XVII.</strong></span> <span class='ocrx_word' id='word_1_260' title='bbox 910 2269 928 2304; x_wconf 83' lang='lat'>1.</span> <span class='ocrx_word' id='word_1_261' title='bbox 949 2256 1068 2318; x_wconf 72' lang='lat' dir='ltr'>praecipiat</span> 
     </span>
     <span class='ocr_line' id='line_1_30' title="bbox 161 2314 1068 2377; baseline 0 -8"><span class='ocrx_word' id='word_1_262' title='bbox 161 2314 237 2369; x_wconf 79' lang='lat' dir='ltr'>abeffe</span> <span class='ocrx_word' id='word_1_263' title='bbox 251 2317 337 2368; x_wconf 75' lang='lat' dir='ltr'>debere</span> <span class='ocrx_word' id='word_1_264' title='bbox 358 2328 388 2377; x_wconf 73' lang='lat'>17¹¹</span> <span class='ocrx_word' id='word_1_265' title='bbox 402 2328 449 2367; x_wconf 72' lang='grc' dir='ltr'>ἾΞἾ</span> <span class='ocrx_word' id='word_1_266' title='bbox 462 2317 495 2367; x_wconf 58' lang='grc'>53</span> <span class='ocrx_word' id='word_1_267' title='bbox 516 2336 653 2367; x_wconf 71' lang='lat' dir='ltr'>peruenirent</span> <span class='ocrx_word' id='word_1_268' title='bbox 670 2320 984 2369; x_wconf 63' lang='lat' dir='ltr'>autonoreverduinmaltun.</span> <span class='ocrx_word' id='word_1_269' title='bbox 1023 2319 1068 2369; x_wconf 81' lang='lat' dir='ltr'>Re-</span> 
     </span>
     <span class='ocr_line' id='line_1_31' title="bbox 161 2379 1068 2448; baseline -0.003 -15"><span class='ocrx_word' id='word_1_270' title='bbox 161 2381 273 2448; x_wconf 83' lang='lat' dir='ltr'>quifitum</span> <span class='ocrx_word' id='word_1_271' title='bbox 289 2381 408 2433; x_wconf 70' lang='lat' dir='ltr'>intellcttu</span> <span class='ocrx_word' id='word_1_272' title='bbox 420 2379 560 2437; x_wconf 83' lang='lat' dir='ltr'>difficilius,</span> <span class='ocrx_word' id='word_1_273' title='bbox 580 2398 650 2445; x_wconf 83' lang='lat' dir='ltr'>quam</span> <span class='ocrx_word' id='word_1_274' title='bbox 668 2385 743 2446; x_wconf 84' lang='lat' dir='ltr'>primu</span> <span class='ocrx_word' id='word_1_275' title='bbox 755 2384 833 2431; x_wconf 83' lang='lat' dir='ltr'>fronte</span> <span class='ocrx_word' id='word_1_276' title='bbox 848 2382 947 2433; x_wconf 78' lang='lat' dir='ltr'>ridetur.</span> <span class='ocrx_word' id='word_1_277' title='bbox 994 2384 1068 2446; x_wconf 82' lang='lat' dir='ltr'>Quaa-</span> 
     </span>
     <span class='ocr_line' id='line_1_32' title="bbox 160 2446 1069 2512; baseline -0.001 -14"><span class='ocrx_word' id='word_1_278' title='bbox 160 2450 234 2504; x_wconf 83' lang='lat' dir='ltr'>titur,</span> <span class='ocrx_word' id='word_1_279' title='bbox 250 2447 307 2511; x_wconf 88' lang='lat' dir='ltr'>quid</span> <span class='ocrx_word' id='word_1_280' title='bbox 329 2446 370 2497; x_wconf 85' lang='lat' dir='ltr'>fibi</span> <span class='ocrx_word' id='word_1_281' title='bbox 385 2446 458 2496; x_wconf 82' lang='lat' dir='ltr'>velit?</span> <span class='ocrx_word' id='word_1_282' title='bbox 478 2450 515 2497; x_wconf 81' lang='lat' dir='ltr'>An</span> <span class='ocrx_word' id='word_1_283' title='bbox 531 2446 593 2495; x_wconf 89' lang='lat' dir='ltr'>idem</span> <span class='ocrx_word' id='word_1_284' title='bbox 607 2462 661 2495; x_wconf 87' lang='lat' dir='ltr'>cum</span> <span class='ocrx_word' id='word_1_285' title='bbox 680 2447 835 2497; x_wconf 85' lang='lat' dir='ltr'>antecedente</span> <span class='ocrx_word' id='word_1_286' title='bbox 852 2446 861 2496; x_wconf 76' lang='lat' dir='ltr'>i</span> <span class='ocrx_word' id='word_1_287' title='bbox 886 2450 1069 2512; x_wconf 62' lang='lat' dir='ltr'>Noniae-ripariis</span> 
     </span>
     <span class='ocr_line' id='line_1_33' title="bbox 159 2511 1065 2575; baseline 0.006 -15"><span class='ocrx_word' id='word_1_288' title='bbox 159 2511 243 2575; x_wconf 73' lang='lat' dir='ltr'>Jeiiova</span> <span class='ocrx_word' id='word_1_289' title='bbox 253 2518 297 2560; x_wconf 83' lang='lat' dir='ltr'>Deo</span> <span class='ocrx_word' id='word_1_290' title='bbox 310 2524 346 2562; x_wconf 79' lang='lat' dir='ltr'>tito</span> <span class='ocrx_word' id='word_1_291' title='bbox 361 2511 432 2559; x_wconf 78' lang='lat' dir='ltr'>bovem</span> <span class='ocrx_word' id='word_1_292' title='bbox 440 2524 478 2560; x_wconf 79' lang='lat' dir='ltr'>urit</span> <span class='ocrx_word' id='word_1_293' title='bbox 489 2526 550 2575; x_wconf 77' lang='lat' dir='ltr'>peciit</span> <span class='ocrx_word' id='word_1_294' title='bbox 561 2517 676 2568; x_wconf 79' lang='lat' dir='ltr'>minutum,</span> <span class='ocrx_word' id='word_1_295' title='bbox 689 2518 722 2561; x_wconf 85' lang='lat' dir='ltr'>cni</span> <span class='ocrx_word' id='word_1_296' title='bbox 734 2513 813 2560; x_wconf 72' lang='lat' dir='ltr'>articula</span> <span class='ocrx_word' id='word_1_297' title='bbox 824 2513 890 2570; x_wconf 65' lang='lat' dir='ltr'>inest,</span> <span class='ocrx_word' id='word_1_298' title='bbox 904 2515 990 2561; x_wconf 79' lang='lat' dir='ltr'>uliares</span> <span class='ocrx_word' id='word_1_299' title='bbox 1004 2517 1065 2565; x_wconf 58' lang='lat' dir='ltr'>insila,</span> 
     </span>
     <span class='ocr_line' id='line_1_34' title="bbox 160 2575 1067 2642; baseline 0 -15"><span class='ocrx_word' id='word_1_300' title='bbox 160 2576 199 2633; x_wconf 82' lang='lat' dir='ltr'>An</span> <span class='ocrx_word' id='word_1_301' title='bbox 210 2576 344 2627; x_wconf 76' lang='lat' dir='ltr'>distinctum</span> <span class='ocrx_word' id='word_1_302' title='bbox 359 2576 450 2639; x_wconf 80' lang='lat' dir='ltr'>quid&amp;</span> <span class='ocrx_word' id='word_1_303' title='bbox 462 2576 585 2642; x_wconf 83' lang='lat' dir='ltr'>quodnam</span> <span class='ocrx_word' id='word_1_304' title='bbox 595 2575 674 2627; x_wconf 84' lang='lat' dir='ltr'>illud?</span> <span class='ocrx_word' id='word_1_305' title='bbox 692 2576 773 2627; x_wconf 87' lang='lat' dir='ltr'>Primo</span> <span class='ocrx_word' id='word_1_306' title='bbox 787 2576 888 2628; x_wconf 85' lang='lat' dir='ltr'>aliorum</span> <span class='ocrx_word' id='word_1_307' title='bbox 901 2580 1004 2642; x_wconf 78' lang='lat' dir='ltr'>cogitata</span> <span class='ocrx_word' id='word_1_308' title='bbox 1014 2579 1067 2628; x_wconf 82' lang='lat' dir='ltr'>sub·</span> 
     </span>
     <span class='ocr_line' id='line_1_35' title="bbox 160 2641 1067 2705; baseline 0.002 -14"><span class='ocrx_word' id='word_1_309' title='bbox 160 2642 254 2704; x_wconf 88' lang='lat' dir='ltr'>jiciam,</span> <span class='ocrx_word' id='word_1_310' title='bbox 271 2650 323 2691; x_wconf 90' lang='lat' dir='ltr'>tum</span> <span class='ocrx_word' id='word_1_311' title='bbox 339 2641 453 2703; x_wconf 90' lang='lat' dir='ltr'>judicium</span> <span class='ocrx_word' id='word_1_312' title='bbox 470 2659 481 2692; x_wconf 86' lang='lat' dir='ltr'>a</span> <span class='ocrx_word' id='word_1_313' title='bbox 501 2657 597 2705; x_wconf 87' lang='lat' dir='ltr'>ponam.</span> <span class='ocrx_word' id='word_1_314' title='bbox 646 2641 712 2691; x_wconf 84' lang='lat' dir='ltr'>idem</span> <span class='ocrx_word' id='word_1_315' title='bbox 729 2641 816 2694; x_wconf 89' lang='lat' dir='ltr'>habent</span> <span class='ocrx_word' id='word_1_316' title='bbox 837 2659 893 2693; x_wconf 88' lang='lat' dir='ltr'>cum</span> <span class='ocrx_word' id='word_1_317' title='bbox 912 2645 1067 2694; x_wconf 83' lang='lat' dir='ltr'>antecedente</span> 
     </span>
     <span class='ocr_line' id='line_1_36' title="bbox 160 2658 1068 2763; baseline 0.003 -8"><span class='ocrx_word' id='word_1_318' title='bbox 160 2707 287 2762; x_wconf 86' lang='lat' dir='ltr'>membro,</span> <span class='ocrx_word' id='word_1_319' title='bbox 305 2706 377 2756; x_wconf 89' lang='lat' dir='ltr'>veluti</span> <span class='ocrx_word' id='word_1_320' title='bbox 395 2706 461 2756; x_wconf 81' lang='lat' dir='ltr'>Abeo</span> <span class='ocrx_word' id='word_1_321' title='bbox 475 2658 547 2763; x_wconf 49' lang='lat' dir='ltr'>fisa,</span> <span class='ocrx_word' id='word_1_322' title='bbox 566 2705 666 2756; x_wconf 74' lang='lat' dir='ltr'>diceus:</span> <span class='ocrx_word' id='word_1_323' title='bbox 684 2705 722 2757; x_wconf 82' lang='lat' dir='ltr'>Est</span> <span class='ocrx_word' id='word_1_324' title='bbox 736 2709 758 2756; x_wconf 91' lang='lat' dir='ltr'>in</span> <span class='ocrx_word' id='word_1_325' title='bbox 776 2708 853 2758; x_wconf 86' lang='lat' dir='ltr'>verbis</span> <span class='ocrx_word' id='word_1_326' title='bbox 872 2719 1068 2760; x_wconf 66' lang='lat' dir='ltr'>minutarum</span> 
     </span>
     <span class='ocr_line' id='line_1_37' title="bbox 157 2770 1067 2840; baseline 0.003 -18"><span class='ocrx_word' id='word_1_327' title='bbox 157 2771 243 2835; x_wconf 76' lang='lat' dir='ltr'>plicatio</span> <span class='ocrx_word' id='word_1_328' title='bbox 252 2773 349 2823; x_wconf 78' lang='lat' dir='ltr'>vocabuli</span> <span class='ocrx_word' id='word_1_329' title='bbox 361 2773 447 2821; x_wconf 64' lang='lat' dir='ltr'>marisia.</span> <span class='ocrx_word' id='word_1_330' title='bbox 482 2771 619 2835; x_wconf 85' lang='lat' dir='ltr'>Quomodo</span> <span class='ocrx_word' id='word_1_331' title='bbox 636 2787 734 2839; x_wconf 87' lang='lat' dir='ltr'>quoque</span> <span class='ocrx_word' id='word_1_332' title='bbox 748 2770 832 2825; x_wconf 86' lang='lat' dir='ltr'>LXX.</span> <span class='ocrx_word' id='word_1_333' title='bbox 851 2777 893 2819; x_wconf 73' lang='lat' dir='ltr'>niti</span> <span class='ocrx_word' id='word_1_334' title='bbox 911 2778 968 2840; x_wconf 57' lang='lat' dir='ltr'>pisia</span> <span class='ocrx_word' id='word_1_335' title='bbox 983 2773 1067 2839; x_wconf 63' lang='lat' dir='ltr'>arripit</span> 
     </span>
    </p>
   </div>
   <div class='ocr_carea' id='block_1_6' title="bbox 0 0 1154 3134">
    <p class='ocr_par' dir='ltr' id='par_1_6' title="bbox 0 0 1154 3134">
     <span class='ocr_line' id='line_1_38' title="bbox 0 0 1154 3134; baseline 0 0"><span class='ocrx_word' id='word_1_336' title='bbox 0 0 1154 3134; x_wconf 95' lang='lat' dir='ltr'> </span> 
     </span>
    </p>
   </div>
  </div>
 </body>
</html>
