2297 3134
214 240 271 296 aua
473 281 478 293 .,
566 228 808 303 territatum.

216 357 274 390 aurun
284 338 439 405 senpiternam.
455 336 522 394 Malo
533 353 588 393 cunt
601 336 684 392 LXX.
702 339 786 403 νόμιμον
800 337 891 390 dadraei,
902 340 1043 404 jerasacrtlare,
1056 339 1124 407 quod

217 422 261 472 per
276 407 380 461 seculum
395 407 470 460 durat.
487 400 545 457 ‘nu
558 406 623 460 enirn
639 405 845 472 sempiternitatem
861 404 900 460 uel
912 406 1042 458 absolutam
1057 418 1124 459 aeter-

218 476 317 535 nitatem
331 469 407 536 perse
421 486 469 519 non
482 479 557 520 notat.
604 470 665 530 Alias
675 472 823 524 sacraeliterae
834 488 885 522 uon
899 475 1047 527 mentionem
1061 472 1123 528 sace·

218 548 273 595 rent
288 537 362 584 drasam
376 536 506 597 serratorum2
512 535 630 596 sacedotum
641 537 758 597 seculorum
777 538 820 594 &m
849 536 937 594 Matth.
953 536 994 587 Vl.
1014 550 1051 601 13.
1069 536 1122 594 Gal.

218 605 237 663 l.
251 618 270 667 5.
285 606 359 668 tipus
373 599 442 651 XlV.
460 614 479 663 3.
518 600 541 650 Si
556 616 615 658 uero
629 603 752 660 adhibetur
773 604 803 656 de
821 601 900 653 seculo
913 603 1002 668 absque
1013 601 1080 663 fine,
1097 602 1123 654 id

218 664 402 723 arceuendunrt
420 675 501 716 natura
514 664 618 729 subjetti,
634 668 670 720 vel
683 669 732 718 aliis
745 669 931 725 circumstantiis,
945 684 996 718 non
1013 668 1121 718 atrocis.

148 755 150 758 ‘
218 747 304 805 Eadem
325 746 383 797 ratio
396 743 508 800 vocabuli
523 727 596 800 mirra
623 744 818 801 ExodXXtd
850 745 927 809 Quod
940 746 1038 812 quidem
1055 760 1122 797 cout-

218 813 324 868 muniter
340 810 364 861 in
376 807 487 872 fingulari
503 810 592 867 exitu,
609 819 713 866 attamen
726 813 796 861 etiam
811 809 926 877 pluralem
940 811 1013 864 habet
1031 826 1050 859 1.
1063 809 1121 874 lteg.

217 877 283 927 Vlll.
293 890 329 933 13.
362 873 413 935 Qui
424 876 448 922 in
464 874 553 939 scriptia
568 873 676 925 Ecclesiae
687 875 793 941 judaica
805 878 858 942 poll
874 878 1033 941 captivitatem
1045 873 1123 945 Baby,

216 942 322 993 ionicam
335 938 535 1003 frequentilfimus
543 939 580 995 elt,
588 940 781 995 adeximendum
789 956 820 992 ex
828 943 1021 992 anirniserrorem
1032 940 1124 991 Saddu-

216 1023 338 1061 caeorum,
356 1006 395 1070 qui
415 1003 490 1054 secula
502 1002 582 1055 sutura
594 1016 746 1070 negaverant,
788 1006 852 1058 Nota
864 1022 964 1073 quoque
975 1007 1009 1056 est
1025 1005 1122 1072 Jurdaeo-

213 1104 269 1139 rum
285 1084 401 1138 distinstio
416 1085 441 1134 iu
461 1095 505 1136 aru
527 1082 601 1142 :abra
615 1088 706 1149 feudum
725 1089 813 1152 presens
830 1091 853 1138 ἃ
872 1100 922 1139 ΜΠ
940 1074 1014 1149 :abiu
1030 1091 1123 1151 fi’rrrlrun

209 1165 330 1229 firtnrrrm,
346 1159 431 1225 quod,
452 1163 558 1224 Bustopin
579 1174 666 1209 notante
693 1167 716 1209 in
741 1169 794 1213 Lex.
815 1163 907 1211 Talmud.
928 1163 991 1211 varie
1008 1165 1124 1233 accipitur

215 1254 263 1305 pro
274 1235 367 1289 mundo
379 1235 463 1286 futuro
477 1236 531 1297 post
541 1234 735 1287 resurrectionem
752 1245 914 1293 mortuorum,
925 1235 963 1288 tel
988 1247 1052 1289 iarun
1072 1248 1124 1289 urm

215 1304 287 1354 dietus
297 1301 381 1362 Mffa.
410 1299 571 1369 certissimum
582 1302 618 1352 est
630 1303 652 1351 in
662 1301 744 1351 ‘sextu
757 1301 839 1352 nostro
850 1316 901 1352 riou
914 1299 980 1366 posse
992 1300 1123 1352 absolutam

214 1369 371 1421 aeternitatem
384 1364 492 1429 intelligi.
523 1364 568 1415 Vel
581 1383 611 1416 an
627 1365 677 1417 usus
689 1367 758 1429 hujus
772 1367 851 1418 statutt
868 1368 938 1416 etiam
956 1367 1000 1422 erit
1011 1367 1035 1415 in
1053 1364 1123 1416 altera

214 1433 289 1484 vita?
310 1434 350 1483 An
366 1440 416 1482 tuni
433 1430 511 1481 adhuc
525 1432 630 1494 expiatio
651 1448 693 1497 per
708 1432 845 1496 sanguinem
862 1432 1021 1493 juvencorum
1039 1429 1122 1480 locum

214 1496 333 1550 habebit?
349 1495 419 1546 Certe
432 1511 489 1552 non,
509 1495 561 1558 ipsis
574 1495 661 1562 ludaeis
674 1496 811 1548 fatentibus.
858 1495 924 1561 Ergo
938 1495 1123 1561 intelligendum

217 1566 333 1620 statutum
350 1560 451 1610 seculare
469 1558 548 1613 cultus
561 1562 743 1619 ceremonialis‚
769 1577 821 1626 quo
841 1560 982 1617 usuardum
998 1560 1069 1623 regaie
1085 1576 1123 1611 vao

215 1630 275 1684 lent·
324 1625 453 1681 Seculunl,
477 1625 545 1689 quud
560 1625 677 1681 antecedit
688 1628 779 1687 fisculum
795 1628 898 1688 flaturum
913 1625 958 1675 stuc
979 1628 1018 1674 dies
1032 1626 1121 1685 Mffla,

216 1694 261 1746 sub
270 1708 317 1759 quo
328 1693 434 1755 expiatio
450 1688 582 1741 sibaronica
594 1691 653 1741 stare
668 1693 758 1756 nequit.
784 1690 830 1741 'Ne
841 1690 948 1757 prolixus
959 1689 1014 1748 sini,
1027 1691 1065 1743 vel
1083 1706 1122 1747 ex-

216 1759 274 1816 inde
287 1756 412 1818 luculento
430 1754 529 1812 constat.
580 1755 608 1805 ln
625 1756 708 1809 diebus
723 1754 812 1812 stlelliae
824 1756 901 1806 cultus
916 1757 959 1811 erit
973 1771 1015 1821 per
1028 1756 1123 1813 univer.

215 1824 269 1875 sum
283 1824 375 1873 orbem.
404 1817 481 1870 Etiam
497 1819 600 1883 gentiles
618 1822 640 1870 ei
652 1821 752 1872 seruiens
765 1820 866 1872 Malaclr.
886 1820 903 1870 l.
923 1836 956 1869 rr.
995 1819 1046 1886 Jam
1067 1836 1122 1873 vero

215 1889 277 1943 Dies
292 1886 610 1951 Expiationiscelebrandus
626 1896 673 1937 erat
686 1902 733 1936 una
745 1886 797 1942 die,
811 1888 902 1936 decima
911 1885 971 1938 tisri.
1005 1886 1028 1936 Si
1040 1888 1123 1950 incipit

216 1955 307 2006 decima
320 1951 368 2002 tisri
379 1947 568 2016 Hierosolymis,
586 1952 612 2000 in
626 1952 684 2002 loeis
695 1950 852 2001 remotisbmis
864 1951 902 2001 vel
913 1950 1022 2002 nondum
1033 1951 1074 2007 etl,
1086 1953 1123 2001 vel

215 2022 264 2085 jam
275 2017 391 2084 praeteriit.
425 2013 535 2079 Tempus
547 2031 620 2074 vero,
639 2017 705 2082 quod
717 2018 801 2081 incipit
815 2017 854 2066 sub
867 2020 1007 2066 oeconomia
1020 2017 1123 2068 Mosaica

216 2097 241 2146 ἃ
256 2094 339 2146 definit
352 2094 375 2142 in
393 2094 533 2143 oeconomia
549 2091 616 2143 Novi
629 2093 781 2150 Testamenti,
800 2092 859 2144 rette
874 2093 962 2143 dicitur
983 2082 1056 2150 otuu
1065 2094 1123 2154 seeu-

215 2171 276 2227 lare,
294 2182 339 2219 Ceu
350 2164 400 2216 satit
413 2164 526 2228 longum,
540 2165 713 2217 absconditum.
754 2165 815 2226 Quo
827 2167 898 2215 etiam
910 2164 1039 2216 commode
1053 2167 1123 2215 reser-

215 2243 256 2285 tur
270 2220 422 2289 mauman,
439 2229 536 2302 populo
551 2229 631 2290 lsrael,
650 2248 701 2283 non
714 2234 783 2287 omni
798 2230 879 2294 genti,
898 2230 992 2294 {aratque
1011 2231 1123 2284 vocanda

216 2299 248 2356 ad
261 2310 362 2361 regnum
378 2293 473 2353 llessrae.
561 2315 562 2318 ¹

282 2409 304 2465 ᾗ,
317 2410 373 2464 416,
392 2403 534 2468 Quaeritur:
554 2404 589 2459 tin
601 2405 672 2455 verba
688 2406 760 2458 haect
785 2411 812 2453 Et
824 2410 864 2454 aaa
880 2404 1048 2469 uobisstatutrurr
1061 2407 1125 2467 sterili

216 2469 344 2527 reserenda
356 2467 384 2526 ad
396 2471 574 2533 expiationem,
592 2469 623 2522 de
642 2485 686 2534 qtra
705 2473 737 2519 in*
746 2469 964 2527 antecedentibus?
980 2470 1035 2526 Hoc
1048 2473 1124 2527 modo

216 2537 304 2601 accipit
322 2533 391 2584 llben
404 2532 455 2593 Elia
461 2570 468 2594 ‚
484 2535 570 2598 accipit
585 2550 685 2599 quoque
699 2534 769 2604 Syrus
783 2552 806 2602 q.
821 2535 842 2586 d.
866 2536 941 2602 ,Quae
955 2538 985 2586 de
995 2553 1072 2591 annua
1088 2537 1123 2587 so-

214 2602 283 2652 lenni
295 2599 431 2663 expiatione
448 2602 561 2664 praecepi,
577 2599 632 2650 sunt
645 2602 721 2665 probe
734 2600 877 2651 observanda
893 2604 917 2651 in
934 2601 1044 2652 seculum.
1078 2601 1123 2653 Vel

216 2683 246 2720 an
262 2666 396 2731 pertineant
409 2663 439 2714 ad
453 2663 570 2728 sequentia
580 2668 723 2715 communia
737 2665 821 2717 officia.
855 2665 994 2717 lnseculum
1009 2668 1123 2731 jejunabi-

215 2735 245 2787 tis
264 2733 288 2787 tt
303 2727 416 2786 cessabitis
434 2729 449 2785 t
462 2728 544 2785 labore
559 2732 684 2785 conrruuni
704 2730 753 2786 Die
765 2731 932 2798 Expiationis,
954 2735 990 2786 uti
1004 2735 1124 2848 accipiulnt

1043 2806 1123 2852 Laurea
