2297 3134
172 216 174 220 ι
202 266 258 321 370
569 244 719 323 Austoriani
801 240 805 244 ’

195 397 197 400 ⁴
269 359 290 417 ἓ.
305 364 361 416 623.
381 354 512 408 Tricefinto
526 353 630 405 secundo
639 370 652 403 Ἰε
671 355 731 419 Quid
740 354 836 419 spuisset
848 356 900 406 oraio
910 392 917 413 ,
924 356 989 415 irrata
999 376 1060 422 quern
1072 358 1117 409 bir-

196 437 237 469 rus
251 428 315 471 vivres
329 441 371 471 nort
377 428 437 486 prius
449 420 592 478 restituendus,
606 433 630 469 nt
642 419 779 476 dimittatur,
797 437 860 483 paratu
880 422 972 482 absoluta
978 424 1114 485 fitistiiffinii,

197 487 267 548 sitast
280 488 310 545 ss
324 489 396 536 altaris
405 486 487 548 pristas
498 490 613 550 expiatione
625 501 645 534 v.
659 499 697 535 2ο,
717 484 785 550 Resp.
811 484 991 539 Circuinstantia
1007 489 1056 540 baec
1068 506 1116 541 inri-

196 554 330 618 .xiniopere
341 553 373 601 ell
387 551 496 602 tenenda.
539 549 603 601 Naro
619 549 680 601 clare
700 550 773 600 docet
790 549 875 601 ilatum
894 553 945 602 vitae
961 553 986 602 ac
1003 554 1117 605 libertatis

198 616 263 667 vhirci
276 619 322 666 vivi
340 613 353 666 i
367 626 446 667 morte
458 616 515 667 socii
529 616 553 666 st
569 617 592 665 vi
607 617 749 681 expiationis
761 615 826 666 lastae
841 614 887 666 esse
900 616 1072 675 arcessendum,
1090 628 1118 670 ut

196 681 379 747 ,cognoscamus
395 682 481 732 statum
499 682 650 733 exaltationis
668 683 720 732 ritae
733 680 884 732 &libertatis
900 677 954 746 Jesu
964 682 1050 733 Christi
1071 683 1117 736 esse

202 746 329 797 fundatum
341 748 365 796 in
379 757 459 798 morte
473 747 523 810 ejus
534 748 557 798 δι
567 746 624 797 hinc
639 746 696 797 satia
709 746 902 798 reconciliatione
916 745 974 797 Phil.
989 747 1017 798 ll.
1031 755 1046 797 6
1054 781 1065 789 -
1078 761 1113 800 12.

196 810 260 862 Luc.
274 810 419 862 >titiana
455 812 529 863 tlotea
547 814 620 861 morti
637 812 764 862 tradendus
781 821 880 879 propter
898 821 1016 880 peccata,
1034 814 1116 878 polica

202 876 231 928 ad
245 878 314 927 vitani
325 876 477 933 excitandus,
497 884 522 925 ut
532 876 586 937 justi
603 876 750 926 declarentur
761 875 831 926 Roiii.
846 876 885 927 Ν.
898 889 934 936 25⁷
954 877 1114 942 lirrperfetiio,

202 956 256 1007 quae
269 942 332 1006 typis
344 941 416 992 inesse
428 940 506 997 solet,
522 953 572 990 non
586 940 740 1004 permiserat,
763 951 789 990 ot
806 942 869 991 idem
882 942 971 993 occisus
985 943 1065 993 liircus
1086 942 1116 994 ad

202 1008 275 1056 vitain
292 1005 470 1058 resuscitaretur.
502 1004 668 1056 Nihilominus
688 1006 765 1055 llatuit
783 1005 959 1070 sapientissimus
975 1007 1113 1073 legislator,

195 1080 229 1125 ut
241 1072 270 1124 ab
283 1072 353 1123 initio
365 1074 438 1123 ambo
452 1071 512 1122 hirci
526 1071 655 1137 piaculares
670 1069 744 1119 asserit
758 1084 804 1135 pro
819 1072 921 1136 populo,
940 1073 997 1123 alter
1012 1090 1062 1123 non
1078 1074 1116 1123 so-

195 1134 254 1187 lunt
271 1147 375 1202 mortem
389 1153 435 1203 pro
447 1137 540 1202 populo
556 1136 634 1184 obiret
649 1135 687 1184 sed
703 1137 815 1185 &itroire
834 1135 872 1185 sua
889 1140 995 1202 expiaret
1008 1138 1114 1195 socirim,

196 1200 360 1268 liberatosque
376 1200 389 1252 a
404 1212 470 1253 reatu
487 1203 552 1265 prius
563 1199 698 1260 adjudicato
715 1202 737 1248 si
758 1203 814 1250 binc
827 1210 911 1251 inuste.
958 1202 1040 1262 Quare
1057 1219 1116 1267 praaa

195 1265 259 1317 ntus
271 1268 384 1318 omnibus
399 1267 534 1333 praestandis
544 1266 601 1316 alter
614 1266 693 1316 hircus
706 1272 855 1316 oioaiscorain
866 1265 919 1317 Deo
931 1267 1045 1318 trtairiirat
1055 1284 1116 1318 cirin-

195 1331 309 1389 stitutus,
328 1341 355 1383 ut
373 1348 430 1383 cunr
445 1331 625 1382 solennitatibus
640 1331 741 1382 libertati
762 1331 907 1382 redderetur.
958 1334 989 1383 llt
1004 1333 1036 1382 ob
1053 1332 1115 1383 iiiiii-

196 1411 266 1446 nram
288 1397 481 1461 perfossionem,
503 1413 556 1462 quae
571 1398 595 1444 in
615 1399 741 1463 ainitypo‚
764 1395 848 1454 idem,
873 1396 914 1462 qui
929 1411 1053 1454 mortuus,
1073 1399 1115 1462 qui

193 1459 284 1514 ,Deum
298 1461 456 1527 glorificavit,
471 1477 516 1513 nos
532 1461 694 1522 santilficavir,
707 1463 840 1520 revixerat,
855 1472 881 1513 ut
894 1463 919 1512 in
932 1472 1047 1515 aeternum
1060 1464 1116 1527 glo«.

196 1526 372 1581 riolovireret.
408 1528 532 1589 Quaeritur

225 1633 227 1635 ’
267 1627 288 1684 §.
304 1630 357 1687 624.
375 1623 507 1675 Trioefiitto
520 1626 608 1676 tertio:
627 1629 706 1675 Aaron
718 1624 764 1674 baie
780 1628 871 1686 napslerio
886 1629 1060 1682 rorrtrarrieatar,
1072 1643 1114 1689 qua

197 1689 318 1752 sequtnrtar
333 1706 353 1739 v.
366 1703 405 1739 21.
421 1690 467 1739 scil.
485 1691 629 1754 perpeserit,
648 1691 741 1755 corasffio
750 1704 895 1754 precatoriae,
912 1690 1010 1752 irrpofitio
1020 1704 1115 1753 peceato-

201 1771 251 1804 t'nnt
266 1760 288 1804 in
304 1753 428 1819 caprulaci
442 1754 509 1816 struas.
560 1760 583 1805 Si
593 1773 643 1804 vero
657 1773 698 1803 uoti
714 1761 886 1812 contrariaetate,
905 1756 1010 1819 quadrant
1026 1773 1115 1805 ceremo-

197 1824 287 1870 niarum
300 1819 534 1883 srnrrrnrMysterinnr?
558 1819 627 1885 Resp.
658 1819 748 1882 Quoad
760 1824 859 1882 priniana.
895 1819 954 1869 Non
968 1822 1114 1871 contrarian-

108 1905 110 1917 ‹
192 1893 247 1935 tur.
274 1884 393 1951 Utiquesr
408 1886 486 1936 secuta
499 1885 577 1936 suisset
589 1885 660 1948 hujus
673 1886 734 1934 hirci
750 1900 814 1934 mors
830 1900 860 1935 ex
874 1883 987 1935 sententia
998 1884 1044 1936 Dei
1056 1885 1114 1952 lly-

192 1949 315 2007 sterium,
330 1950 397 2017 quod
410 1949 567 2015 fignificatuin
583 1952 635 2007 est,'
646 1950 747 2000 nollunt.
795 1952 824 2000 tlt
838 1948 952 1999 oranscrat
966 1951 1047 2008 vivus,
1068 1967 1113 2001 no*

201 2024 279 2065 tanter
291 2015 377 2067 dicitur
392 2028 435 2067 ’nti
451 2022 514 2064 viores
524 2018 573 2073 ille,
592 2017 803 2080 diinittebaturque
819 2017 844 2064 in
861 2014 1000 2065 libertatern.
1020 2015 1043 2065 Si
1058 2031 1113 2079 pec·

199 2090 253 2131 ¹cata
267 2080 335 2131 hirco
354 2081 424 2138 huic,
442 2089 468 2132 ut
484 2081 565 2132 holliae
578 2081 689 2145 piaculari
701 2080 794 2131 suisient
809 2078 935 2144 imposita,
952 2088 1018 2130 certo
1040 2081 1113 2131 ntale-

203 2144 301 2195 disiioni
314 2148 337 2196 ἂν
349 2147 421 2198 morti
437 2145 536 2197 traditus
547 2145 630 2197 suisset.
667 2145 756 2208 Quoad
768 2145 898 2205 peraridum:
918 2143 1015 2195 Peccata
1033 2147 1112 2211 itaque

196 2210 227 2258 rui
240 2210 398 2274 oppositionis
413 2222 479 2262 erant
493 2213 564 2278 capiti
578 2212 638 2263 hirci
651 2217 702 2260 aivi
713 2209 838 2277 imposita,
857 2219 898 2267 ut,
910 2225 954 2259 ceu
970 2208 1016 2271 jam
1032 2212 1114 2274 expia-

194 2275 279 2329 tus&
293 2276 383 2340 absque
392 2276 414 2326 vi
424 2276 594 2328 nialedistionis
608 2277 790 2328 auferretextra
802 2273 954 2338 conspeslunr
969 2271 1024 2323 Dei.
1043 2274 1110 2335 Qua.

197 2353 228 2388 te
242 2354 263 2389 v.
278 2352 316 2391 22.
336 2340 440 2405 legitur:
461 2342 557 2389 Pertulit
570 2341 638 2390 birras
654 2341 685 2390 bic
692 2341 757 2403 stipari
765 2341 787 2399 se
805 2355 872 2388 narrares
887 2338 1028 2403 peruerfitotes
1041 2357 1112 2389 cultim

194 2404 323 2453 „ad-terrant
337 2407 445 2466 excisuris.
467 2404 525 2457 Non
542 2406 659 2455 luendum
670 2404 712 2470 ipsi
724 2420 767 2468 pro
777 2405 879 2468 peccatis
889 2404 1002 2468 impolitis
1019 2421 1025 2465 3
1041 2404 1112 2461 Non-

193 2468 244 2519 nisi
254 2469 351 2522 serenda
367 2480 433 2522 erant
444 2472 472 2520 aii
486 2484 567 2521 terina
579 2471 699 2533 excifinais,
713 2471 798 2535 inqua
818 2467 882 2522 nulla
899 2484 984 2520 eorum
1000 2470 1111 2522 recorda-

196 2535 243 2586 tio.
260 2551 281 2586 ν.
301 2535 400 2602 Exeges.
417 2536 439 2597 s.
459 2550 502 2599 341
516 2569 526 2578 -
540 2544 593 2597 367.
629 2535 751 2599 Quaeritur

267 2637 289 2694 b.
305 2642 359 2694 625,
377 2633 512 2700 Trigesnno
523 2644 609 2702 quarto
626 2650 631 2684 ε
650 2633 717 2698 Quid
734 2632 1028 2700 aeternarumque
1043 2631 1111 2684 iniretis

203 2703 267 2754 vivut
279 2700 394 2752 dedusius
412 2716 433 2750 v.
448 2710 485 2753 26.
503 2703 644 2762 posnaniae.
655 2706 691 2750 21.
706 2713 742 2766 22.
765 2707 830 2749 Terra
843 2701 945 2760 rarificatis
955 2715 975 2747 v.
986 2713 1022 2749 22.
1039 2697 1107 2764 Resp.

202 2762 304 2821 anatona
316 2769 368 2833 typi
387 2766 497 2834 postulat,
512 2777 539 2817 ut
553 2765 686 2831 intelligant
695 2765 817 2820 sliril'rurn
828 2764 969 2823 redivivum,
980 2765 1111 2881 greggffi
