2297 3134
92 286 94 298 l
160 261 213 325 493
506 245 550 307 Dr
563 248 709 321 dacrifiaiis,

158 358 243 421 'encausta
256 357 305 409 volu
317 358 483 410 extremitatibus
497 358 611 424 digitorum
619 363 698 424 potest,
714 364 744 409 ita
757 372 782 409 ut
795 362 857 427 digiti
873 365 925 413 vola
934 362 1049 413 adlaareauu
1057 397 1065 420 ‚-

159 444 225 490 uentae
237 426 408 491 ratarltumfariua
414 423 551 488 prehendant.
585 425 620 476 lld
635 424 694 490 Leg.
706 423 835 478 CXXXll
843 428 855 476 l.
870 427 969 478 Furtum
984 444 1064 494 repro-

157 492 221 542 bum
231 490 369 542 vhabebatur
378 500 428 540 tum
441 490 564 553 grandiori
581 491 690 556 pugillo,
705 500 756 540 tum
774 495 905 558 quantitate
918 495 1013 550 mitiori,
1026 509 1065 543 vc-

161 555 234 607 lutifi
250 572 301 607 non
317 553 455 621 exaequaller
471 556 660 620 magnitudinem
678 555 779 607 duarum
797 558 931 616 olivarum,
952 569 978 608 ut
997 558 1066 608 babet

163 628 238 674 Mum
251 634 280 671 tr.
296 629 401 686 nltzuptt
415 628 487 674 nuru
502 621 559 685 Cap.
576 620 650 673 Xlll.
665 636 686 672 c.
702 621 716 671 f.
737 620 844 686 Pugillus
859 625 905 673 rite
920 632 1029 673 exemtus
1042 624 1066 672 iu

163 703 203 738 vas
218 686 308 737 lacrum
323 686 473 752 ponebatur,
484 686 731 751 consecrabaturque:
751 687 940 739 Consecrabatur
957 689 981 737 ba
992 687 1067 738 sunm-

164 753 233 803 batur
246 766 346 817 quoque
362 767 435 802 omne
451 752 527 809 thus,
544 753 730 819 ponebatutque
744 751 814 817 super
831 763 930 804 euenuo
950 754 1003 803 ferti
1023 768 1067 818 pu-

163 817 222 881 gillo
237 817 297 873 illo,
316 818 357 882 qui
370 815 413 867 vali
426 818 520 872 rincum,
538 833 565 867 ac
577 818 644 883 l'uper
655 817 727 867 altare
744 820 896 881 portabatur,
914 819 955 871 ubi
971 818 1024 884 poll
1034 816 1070 869 la-

159 879 301 934 litioneme
319 881 369 933 vale
383 880 448 932 sacro
465 882 516 946 igni
534 882 711 941 ‚consultandus
722 883 861 936 tradebatur.

230 984 252 1041 fi.
272 977 396 1032 LXVll·
423 977 482 1030 Haec
498 994 600 1045 pugno,
615 979 639 1029 dc
655 980 758 1044 quidem
768 981 870 1041 dextro,
886 982 997 1048 capiendi
1008 983 1067 1033 ratio

165 1048 189 1098 δι
201 1044 319 1103 difficilis,
332 1046 356 1096 dc
368 1043 475 1096 solorum
487 1044 654 1102 Sacerdotum,
668 1061 714 1096 nec
724 1046 838 1107 aliorum,
854 1065 927 1115 quam
943 1048 1031 1108 reulum
1046 1047 1068 1098 se

163 1112 313 1169 habentium,
328 1110 433 1162 liabetur.
447 1126 469 1160 v.
485 1118 513 1162 tr.
530 1120 604 1163 uinta
625 1110 683 1175 Cap.
696 1110 712 1161 Ι.
725 1125 745 1162 2.
765 1111 844 1173 Quae,
860 1116 884 1163 da
897 1113 1013 1164 nonnulla
1027 1129 1068 1163 an-

164 1177 299 1243 tecedentia
320 1174 398 1228 lucem
421 1177 542 1239 accipiunt
558 1188 588 1224 ex
606 1172 766 1240 sequentibua
783 1179 846 1242 apud
868 1180 1021 1229 Mutuouuleu
1038 1192 1066 1228 rr.

165 1251 362 1312 airaupaulein
383 1240 439 1311 Cup.
452 1239 537 1293 let
564 1244 673 1289 Feriarum
688 1243 761 1305 fruges
777 1245 908 1293 molebantur
921 1263 945 1293 aa
961 1244 1069 1293 ailuulun-

162 1321 201 1357 datr
210 1306 439 1366 eutrofiurlluariuor:
457 1311 489 1356 Aa
498 1305 636 1370 piuselnutur
650 1305 679 1364 ἓξ
696 1307 835 1370 coquebantur
849 1315 908 1358 iutra
918 1310 1068 1370 natuturam.

164 1377 236 1435 Atque
247 1376 317 1421 oruntio
329 1372 418 1436 ipfirrum
432 1386 496 1435 opera
508 1371 535 1419 ul
546 1370 611 1420 alieno
627 1369 638 1430 (
652 1376 690 1434 qiu
701 1389 742 1420 nou
754 1374 870 1438 Sacerdos)
888 1376 943 1425 ralia
949 1378 999 1440 fieri
1008 1386 1068 1437 pote·

163 1450 228 1492 auru,
242 1437 307 1484 donea
319 1437 457 1499 offireluruur
472 1437 502 1486 ad
514 1437 599 1491 locatur,
616 1455 656 1499 quo
672 1437 801 1486 anianebatur
810 1441 905 1503 pugillus.
970 1445 1037 1491 Erunt
1047 1444 1069 1487 iu

164 1507 218 1552 atrio
229 1502 330 1565 samarga,
348 1502 439 1551 alterium.
474 1502 546 1550 'Aratio
560 1500 598 1550 laec
613 1521 640 1549 oa
649 1522 661 1549 u
678 1521 704 1550 eu
716 1506 879 1563 oriuiflerialilus
891 1517 967 1561 eruut,
984 1520 1007 1553 uc
1020 1522 1068 1554 tou-

159 1567 269 1630 searolanut
278 1567 382 1617 ,contorta
412 1574 464 1615 Erat
476 1585 556 1629 ortoque
570 1571 592 1614 iu
604 1568 720 1626 liarilluarlo
734 1569 811 1629 fieretur
824 1571 833 1618 e'
844 1571 917 1619 raretull
929 1608 933 1618 .

231 1661 312 1721 §.LX
321 1662 340 1712 V
349 1663 391 1712 lll.
410 1662 514 1713 literato
523 1662 616 1726 pugillo
626 1663 694 1727 quod
704 1662 822 1715 residuum
831 1675 886 1723 erat,
895 1668 918 1716 in
927 1666 1077 1717 sacrisvocaf

167 1748 205 1789 tur
219 1745 304 1788 uutnrt
327 1746 352 1802 to
365 1745 457 1787 tunultu
471 1733 528 1784 [εν.
538 1733 565 1785 ll.
576 1747 595 1794 3.
610 1749 644 1783 ιο,
657 1734 847 1799 apudRabbinos
857 1753 916 1787 vero
930 1748 1005 1789 utum
1020 1749 1071 1789 ’'tttd

167 1805 264 1865 reliquia
271 1801 380 1864 ferronum
390 1810 462 1865 atque
475 1798 525 1850 hoc
538 1815 611 1849 omne
623 1798 676 1849 solis
684 1799 850 1853 Sacerdotibus
862 1800 959 1853 calleret
976 1804 989 1852 l.
1002 1807 1035 1853 aiu
1047 1804 1071 1852 da
1104 1825 1108 1836 ⁴

166 1868 265 1935 quidem
278 1863 345 1916 sexus
355 1864 484 1916 masculini.
519 1862 664 1930 Qtaanquum
678 1866 743 1914 enim
759 1866 801 1918 alia
812 1867 872 1918 sacra
881 1867 989 1918 foeminis
1005 1869 1071 1918 fami»

160 1934 203 1984 *liae
220 1930 369 1981 sacerdotalis
386 1930 434 1980 dari
454 1944 554 1994 quoque
571 1940 682 1994 poterant
707 1929 780 1981 Num.
797 1932 894 1983 XVlll.
915 1948 950 1990 19.
969 1933 1072 1999 reliquiae
1092 1971 1094 1973 .

166 1995 293 2048 baliolis
309 1995 414 2046 nnal'culis
432 1995 627 2045 comedebantur.
670 1994 786 2046 Naturam
802 1999 892 2063 quiippe
909 1997 997 2047 habent
1020 2009 1073 2050 unt)

166 2072 262 2126 manns>
280 2078 352 2109 rerum
361 2060 554 2122 sazaddfimuum,
574 2061 598 2109 in
608 2076 665 2125 quas
675 2059 783 2112 beluinis
798 2062 891 2113 nullum
906 2063 943 2126 jus
958 2062 1014 2114 Len.
1030 2061 1069 2112 ut.

167 2139 204 2175 22.
224 2124 287 2174 Vide
303 2130 376 2176 Maian.
390 2138 419 2175 tr.
435 2126 461 2173 ele
469 2126 575 2189 liarijiciis
591 2125 646 2190 Cap.
663 2123 698 2176 X.
715 2138 735 2185 3.

231 2225 255 2281 ᾗ.
272 2221 383 2274 LXIX.
400 2222 441 2289 Jus
453 2223 503 2273 hoc
515 2222 582 2289 quod
593 2222 631 2274 lex
637 2223 806 2276 Sacerdotibus
814 2225 946 2291 generatim
957 2224 1072 2283 attribuit,

169 2288 278 2353 Magistri
289 2287 409 2353 specialius
425 2288 565 2345 deducunt„
582 2289 770 2354 observantque,
786 2307 834 2341 non
849 2291 908 2340 alios
924 2289 953 2338 de
971 2290 1073 2354 reliquiis

169 2355 322 2422 participare,
338 2369 408 2419 quum
417 2353 526 2402 idoncos.
562 2352 612 2413 Qut
628 2353 738 2402 inidonei
753 2354 781 2403 ad
796 2354 888 2404 cultum
903 2391 909 2411 ‚
926 2354 1032 2404 inidonei
1044 2355 1072 2404 ad

169 2418 342 2470 counitionem
355 2418 473 2469 habentur
491 2437 512 2466 a.
535 2423 611 2466 atiniae.
626 2419 650 2465 ala
660 2419 767 2481 finiarifleiis
780 2417 835 2482 Cap.
849 2419 882 2470 X.
898 2433 933 2479 14.
977 2419 1071 2470 Portici-

170 2500 225 2549 parc
240 2482 296 2531 dein
312 2483 379 2541 illos,
395 2483 436 2547 qui
450 2498 477 2533 ea
493 2481 531 2531 die
548 2481 723 2540 ministrarunt,
742 2481 787 2532 five
802 2484 892 2535 funtlio
912 2500 997 2535 corum
1013 2486 1073 2535 circa

169 2565 232 2600 aram
247 2558 365 2611 occupata
380 2548 465 2604 luerit,
489 2546 537 2596 five
555 2562 605 2596 non
617 2548 630 2598 l.
642 2566 659 2596 a.
682 2548 811 2599 duodecim
828 2565 884 2600 vero
903 2550 1074 2615 propositionis

169 2630 242 2682 panes
260 2612 345 2663 divilos
363 2611 428 2663 fuille
441 2615 505 2663 inter
522 2610 614 2662 clallem
629 2611 762 2664 illinisterio
778 2616 944 2666 abeuntem&
960 2615 1073 2665 acceden-

159 2691 238 2736 tem,
257 2686 284 2728 ut
301 2693 448 2743 unaquaeque
466 2678 506 2728 lex
520 2692 592 2743 panea
608 2676 635 2727 ad
651 2676 807 2730 dividendum
820 2681 944 2745 acceperit.
986 2680 1040 2728 idam
1052 2685 1074 2728 in

169 2758 198 2796 tr.
211 2745 236 2794 ele
243 2744 347 2808 lircrifiaiis
356 2744 438 2811 jugibus
452 2742 512 2809 Cap.
525 2742 566 2795 lV.
582 2755 617 2794 12.
666 2741 692 2793 Sl
703 2755 781 2796 autem
792 2745 939 2798 Sabbathum
952 2743 1073 2819 incidillet,

1051 2827 1074 2860 in
