2297 3134
145 234 199 297 m
490 213 693 284 mmmm

146 344 231 380 eorum
249 335 377 394 exceptus,
392 327 520 390 asportatus
535 325 558 374 da
572 324 672 390 aspersus
684 324 766 381 suerit,
783 323 885 387 reproba
901 324 958 376 suda
974 332 1053 380 erant,

147 394 353 459 quemadmodum
369 395 417 442 hacc
431 392 524 455 plenius
535 391 582 454 legi
597 391 691 453 poliunt
708 406 734 439 rr.
757 400 849 438 Cartili·
865 392 928 440 unde
941 391 1055 442 Sacerdo-

146 471 182 509 tes
195 458 344 510 sacrificaturi
360 460 519 506 oronebantur
536 456 565 504 de
578 455 614 504 his
632 471 681 504 non
697 454 842 505 omittendis

213 540 234 618 ξ,
250 556 297 608 CC
304 553 474 606 XXXVlll.
500 552 594 603 Ultimo
612 554 693 618 paucis
708 553 786 604 adhuc
804 552 924 619 agendum
939 552 968 602 de
983 554 1055 603 ratio-

149 624 235 680 nibur,
250 622 337 686 quibus
348 619 415 670 Deus
426 618 513 669 Israelis
528 631 665 669 commotus
676 618 735 669 olim
749 619 867 682 ejusmodi
884 618 961 683 Leges
975 633 1056 667 carna-

147 688 181 738 les
198 689 226 737 de
244 684 357 735 sacrificiis
377 684 471 749 populo
493 683 534 734 suo
551 685 652 734 tulerat.'
693 684 831 735 Dicendum
846 684 892 740 est,
912 684 992 734 Deum
1005 682 1055 732 illas

148 749 237 807 tulisse,
249 750 287 799 vel
300 760 325 800 ut
340 752 472 799 imitaretur
489 748 589 799 aliorum
605 748 678 806 sacra,
697 750 733 799 vel
747 758 772 798 ut
784 751 810 797 iis
826 748 847 798 se
863 758 1007 813 opponeret,
1019 748 1057 797 vel

149 817 215 879 quod
230 815 307 865 cultus
322 815 361 865 lric
375 831 418 880 per
430 813 503 879 seipsi
517 827 626 880 acceptus
639 813 705 873 ell‘et,
722 814 758 866 uel
774 815 807 864 ob
825 813 879 865 alias
892 814 991 864 latentes
1003 827 1056 878 my-

146 882 211 931 sticas
225 881 344 946 speciatim
362 881 471 929 rationes.

203 977 225 1038 ὃ.
242 974 444 1029 CCXXXIX.
467 980 562 1025 Prirunru
578 977 618 1025 dui
630 982 707 1039 nequit.
728 975 834 1035 Etenim,
852 985 879 1029 ut
892 976 959 1042 supra
970 974 1056 1041 probu-

144 1054 197 1096 tum
213 1043 323 1093 dedimus
344 1042 365 1100 ὅ.
376 1054 391 1101 7
401 1073 411 1082 -
423 1054 458 1100 13.
477 1039 593 1091 Sacrificia
605 1039 765 1093 Patriarchalia
781 1054 831 1093 tum
846 1053 916 1100 ante,
933 1052 984 1091 tuna
1003 1040 1058 1106 post
1117 1072 1125 1088 ι

145 1111 275 1165 diluvium,
292 1106 348 1159 Deo
365 1107 533 1172 praecipiente,
551 1106 655 1156 instituta
673 1117 745 1156 erant.
814 1108 894 1158 [ocris
915 1107 1055 1156 imitationis

144 1175 253 1239 adeoque
274 1172 353 1222 nullus
368 1183 424 1222 erat.
477 1171 593 1227 Accedit,
617 1170 683 1234 quod
705 1174 782 1221 larinus
804 1173 916 1223 decentet
929 1173 1055 1228 dicamus,

144 1238 228 1290 Deum
243 1237 335 1288 cultum
348 1236 441 1302 populo
455 1235 496 1286 suo
516 1235 663 1300 praescribere
677 1237 705 1287 ad
724 1238 882 1289 imitationem
895 1235 997 1287 aliorum
1012 1251 1057 1300 po-

144 1303 259 1370 polorum
270 1339 276 1359 ,
290 1317 423 1367 eorumque
435 1299 649 1352 idololatricorum,

206 1400 227 1459 s.
246 1398 358 1451 CCXL.
384 1399 636 1459 Noutriaursecundrnn.
664 1400 771 1462 Quando
788 1401 851 1451 enim
871 1399 979 1451 sacrificia
990 1398 1057 1451 cultu

145 1462 280 1517 Gentilium
291 1465 439 1530 antiquiora,
459 1466 555 1529 proprie
568 1465 615 1514 dici
629 1469 727 1531 nequit,
739 1464 820 1516 Deum
839 1483 865 1517 ea
880 1464 1015 1522 instituisse,
1032 1475 1059 1516 ut

146 1530 311 1581 seGentilibus
324 1539 466 1594 opponeret.
503 1529 649 1595 Quanquam
667 1547 759 1587 verum,
774 1531 878 1581 divinant
896 1532 961 1581 illam
976 1530 1057 1581 Deum

146 1611 188 1660 per
199 1594 308 1645 sacrificia
325 1594 422 1643 colendi
434 1595 550 1643 rationem
562 1596 592 1642 ita
605 1595 626 1642 se
641 1594 746 1648 habere,v
755 1606 781 1644 ut
797 1596 873 1645 cultui
892 1597 1055 1651 idololatrico‚

147 1659 319 1724 AEgyptiorum
343 1658 468 1713 maxime,
492 1656 601 1721 opposita
616 1658 648 1707 lit.
701 1658 881 1709 Prudentislinre
899 1663 978 1724 itaque
991 1658 1058 1709 Deus

147 1721 333 1789 antiquillimum
351 1721 443 1771 cultum
459 1736 489 1771 ex
504 1721 548 1772 hac
565 1737 664 1786 quoque
681 1725 772 1773 ratione
784 1724 813 1773 ad
826 1723 987 1789 posteritatem
999 1739 1057 1788 pro-

146 1801 272 1853 pagatum,
286 1788 310 1835 dc
330 1787 399 1836 novis
412 1784 551 1849 specialibus
569 1786 675 1851 Legibus
692 1787 786 1839 austum
801 1789 893 1846 voluit,
913 1788 1016 1840 utlsra'e'l
1028 1790 1057 1840 ab

145 1852 279 1904 idololatria
290 1851 375 1902 fortius
387 1862 513 1901 arceretur.

211 1954 232 2011 ᾗ.
246 1947 379 2001 CCXLl.
398 1954 444 1998 Nec
456 1954 548 1998 tertium.
568 1948 644 2012 Quod
658 1951 721 2000 enirn
736 1949 790 2001 Deo
805 1950 881 2016 perse
894 1950 979 2015 placet,
993 1967 1053 2001 con-

145 2017 210 2066 venit
223 2030 278 2065 cum
291 2025 372 2064 natura
384 2013 478 2070 divina,
494 2014 595 2078 gloriam
613 2014 716 2065 divinam
731 2015 842 2072 illustrat,
863 2017 987 2066 hominem
999 2016 1054 2067 Deo

147 2081 247 2145 dignum
259 2080 353 2137 reddit,
368 2078 459 2143 semper
468 2079 556 2144 placet,
570 2082 594 2130 dc
607 2095 690 2129 verum
706 2096 795 2131 nexum
811 2082 839 2131 ad
851 2080 931 2138 fiarent,
940 2083 968 2132 ad
980 2098 1053 2147 quem

148 2146 261 2195 directum
272 2144 320 2201 est,
336 2152 407 2194 tenet.
442 2144 476 2194 dr
484 2144 537 2195 talia
550 2144 580 2195 de
595 2144 724 2204 sacrificiis,
743 2162 826 2196 eorum
840 2146 969 2211 speciebus,
982 2148 1054 2197 attio-

147 2211 217 2260 uibus
229 2209 276 2259 dici
291 2217 420 2274 nequeunt.
456 2208 523 2260 Deus
536 2210 681 2276 dispuitur,
694 2213 760 2274 isque
777 2212 874 2275 sapiens,
888 2212 985 2268 santius,
1001 2212 1055 2276 glo-

146 2274 225 2324 riosus.
259 2272 312 2338 Janr
328 2289 357 2323 an
367 2272 434 2323 Deus
446 2274 622 2337 persediffimus
641 2274 734 2340 spiritus
751 2292 821 2326 carne
837 2278 926 2331 bourn,
942 2275 988 2326 siue
1003 2286 1054 2329 tota

146 2341 204 2404 igne
216 2339 354 2395 consumta,
373 2336 420 2386 site
440 2353 470 2386 ex
488 2350 552 2402 parte
570 2340 698 2389 delectatur
718 2340 727 2388 l
752 2340 788 2389 dn
805 2340 933 2390 delectatur
950 2341 1054 2393 vidima-

146 2421 199 2454 sum
214 2403 374 2460 adduffionffi
388 2404 524 2465 palpabatur,
543 2404 696 2460 allactatione,
712 2406 889 2462 excoriatione,
909 2404 1053 2466 dissertione,

146 2469 320 2532 asportatione,
335 2468 454 2533 sanguinis
470 2469 634 2532 exceptione,
654 2467 784 2533 asperfione
800 2470 898 2533 aliisque
923 2473 1055 2523 carnalibus

146 2533 293 2589 actionibus,
312 2533 433 2597 splendide
450 2533 506 2584 licet
521 2534 545 2582 dc
562 2532 680 2583 sumtuose
696 2534 818 2598 petallis?
849 2536 886 2587 dn
902 2535 1001 2587 israelita
1016 2537 1056 2587 vel

145 2598 260 2649 Sacerdos
275 2598 310 2647 his
326 2600 432 2649 intentus
446 2599 502 2649 ideo
513 2597 569 2648 Deo
583 2597 681 2662 placet?
699 2599 732 2650 lta
746 2599 850 2665 placeret
860 2600 959 2651 subinde
976 2602 1055 2652 idolo-

145 2664 214 2722 latra,
236 2663 345 2720 adulter,
366 2663 492 2725 periurus,
511 2662 549 2713 vel
563 2662 642 2713 saltem
659 2662 790 2729 hypocrita.
840 2667 929 2731 Impius
951 2667 1055 2732 placeret

129 2761 131 2764 .
144 2744 211 2796 aque
224 2744 252 2782 ac
263 2730 332 2794 pius;
351 2727 404 2780 lrno
415 2728 454 2780 ille
465 2730 558 2794 magis;
578 2728 602 2781 Si
611 2728 763 2783 liecatombas
772 2730 877 2790 offerret,
890 2731 928 2783 hic
937 2748 993 2783 aero
1007 2744 1055 2781 rur.

978 2808 1053 2849 tures.
