2380 3134
432 163 680 224 PRAEFATIO
720 156 963 220 Aucr‘oara

246 297 358 355 rioribus
378 294 541 371 temporibus
554 290 632 350 inille
648 291 825 355 constitutam,
846 288 940 344 vicinis
954 292 1084 349 Gentibus
1098 308 1152 348 tan.

247 421 304 461 tum
318 424 371 460 non
386 403 537 479 cogentibus
551 399 575 471 ᾗ.
593 408 666 462 129-
682 406 740 459 132.
759 400 785 452 dc
805 407 865 468 344.
885 415 997 454 necnon
1012 407 1071 468 358.
1091 411 1150 464 399.

251 514 359 572 Ultimo
377 510 488 567 observo
508 528 549 564 me
567 503 732 581 propendille
753 506 786 563 ad
801 510 825 563 T
828 506 983 563 raditionem
1002 507 1034 563 de
1053 509 1153 581 Lingua

250 621 374 679 coccinea
400 618 426 673 in
453 615 539 673 albam
565 631 725 672 commutata
744 634 802 670 curn
821 616 878 670 aliis
900 614 1081 689 probandam,
1108 614 1152 672 sed

250 747 304 786 uon
321 729 382 783 licet
402 724 527 795 Miracula
543 721 658 797 fingere,
679 738 707 778 ut
724 722 793 777 ueris
807 722 870 778 fides
886 742 994 797 negetur
1005 726 1037 783 V.
1051 724 1077 798 ti.
1091 735 1150 791 150.

249 841 275 893 ἃ
291 844 365 904 354-
384 843 443 899 359.
471 830 525 887 Nifi
547 830 626 887 fallor
652 828 773 886 discursus
794 830 898 903 plenior
914 831 945 886 de
966 833 1151 889 traditionibus

249 941 350 1017 sparsnn
364 941 388 995 iu
401 943 521 997 Tradatu
535 938 694 1013 reperiundis
721 937 945 995 exercitatioribus
958 940 984 994 in
1001 938 1151 1015 Antiquita-

246 1049 316 1107 tibus
328 1048 420 1122 luderis
434 1048 504 1105 haud
521 1052 633 1120 ingratus
655 1065 702 1103 nec
720 1046 816 1120 absque
828 1044 871 1101 usu
886 1052 943 1103 erit.

639 1191 646 1205 .
670 1149 755 1203 Vlll.

319 1207 427 1297 Ultimo
446 1240 531 1296 refero
546 1239 579 1295 ad
599 1147 665 1296 hdnc
684 1237 786 1294 tertiam
801 1239 902 1326 Dotem
918 1235 1061 1313 Porismaia
1078 1242 1153 1323 ciret„

245 1366 284 1406 ter
297 1348 416 1407 ducenta.
455 1350 556 1404 Natura
568 1348 716 1403 Contentus
726 1346 822 1421 Typici
841 1351 876 1401 ita
891 1347 928 1401 est
948 1365 1108 1421 comparata,
1123 1365 1151 1406 ut

246 1458 345 1533 legenti
362 1455 447 1530 primo
461 1455 581 1511 videatur
598 1453 767 1517 macilentus³
788 1453 886 1508 sterilis.
926 1453 982 1509 nui
997 1473 1150 1525 contextus,

244 1580 273 1620 ut
293 1561 455 1628 theoretici,
478 1562 604 1636 prodici,
624 1561 791 1638 prophetici,
817 1559 989 1636 prornifforii,
1009 1565 1150 1622 commina-

247 1677 326 1737 torii,
346 1670 460 1727 historici
476 1672 600 1741 majorem
617 1671 740 1725 testantur
754 1668 808 1723 uim
827 1685 926 1725 mentes
943 1670 1091 1738 excitandi,
1107 1694 1151 1728 ve·

244 1783 337 1836 ritates
357 1777 491 1843 docendi,
512 1781 642 1851 Praecpta
659 1778 756 1834 vitat&
776 1776 858 1833 cultus
875 1777 1043 1845 inculcandi,
1063 1779 1149 1837 futura

245 1885 273 1941 in
288 1886 391 1941 Mundo
406 1890 432 1942 de
446 1885 555 1941 Ecclefia
574 1885 749 1960 praedicendi,
764 1884 878 1959 ingentia
894 1885 1023 1942 Beneficia
1040 1895 1150 1961 promit-

243 1992 334 2058 tendi,
354 1993 525 2050 Calamitates
538 1994 741 2059 interminandi,
765 2009 855 2049 notatu
873 1993 1016 2066 dignillnua
1032 1995 1098 2053 iada
1113 2016 1150 2053 re-

243 2097 373 2158 censendi.
419 2098 501 2156 Unde
518 2101 637 2173 leguntur
654 2120 712 2157 cum
733 2100 824 2169 majori
844 2099 1020 2166 Attentione,
1047 2105 1148 2161 Euclea.

242 2212 336 2272 tione,
349 2206 406 2281 spe,
425 2208 611 2280 Jucunditate‚
629 2211 712 2264 Metu.
763 2206 838 2263 Talia
852 2222 959 2263 externa
977 2207 1060 2282 specie
1076 2215 1103 2268 dr
1121 2214 1147 2268 in

241 2312 416 2390 superficiaria
432 2315 554 2372 Leniore
574 2333 627 2371 non
651 2316 736 2372 insunt
758 2314 874 2389 Typicis,
939 2321 1028 2391 Qare
1048 2336 1146 2377 tantam

210 2451 211 2458 κ
242 2422 299 2478 uim
322 2423 494 2480 communiter
511 2442 563 2480 non
587 2439 718 2487 exerunt,
750 2440 872 2498 quantam
902 2424 1029 2484 Themata
1053 2428 1147 2503 prioris

241 2531 357 2588 Naturae.
397 2531 480 2588 Unde
499 2535 566 2589 rede
583 2532 723 2589 &utiliter
745 2529 931 2602 subjiciuntur,
958 2533 1028 2593 sensu
1051 2536 1147 2593 literali

240 2642 274 2714 de-
289 2647 380 2718 typico
398 2639 531 2708 inventu,
552 2641 619 2700 varii
641 2640 743 2717 generis
762 2643 904 2698 Porisnrara
924 2658 1006 2702 eruta.
1044 2635 1146 2702 Similia

1089 2731 1146 2788 sunt
