2380 3134
290 202 292 209 <
341 189 591 263 enarratu
633 190 860 277 aeternnm

156 346 195 385 tes
207 326 319 394 Hostes,
338 331 453 383 Gentem
476 324 610 398 Judaicam
633 325 659 377 dc
673 340 704 377 ex
716 309 829 398 quadam
846 327 920 382 Parte
933 325 1058 383 christia

157 456 225 494 nam.
264 432 493 509 Judahmaaime
513 430 651 496 hodierni,
670 430 737 486 nihil
752 429 849 497 sciunt,
869 450 918 489 nec
936 434 998 491 scire
1010 452 1058 490 vo·
1146 420 1147 425 ἵ

158 546 216 602 lunt
240 545 272 601 de
293 540 417 618 Mysterio
439 537 548 594 solennis
574 539 758 612 Expiarionin,
779 540 851 616 (prod
876 541 913 596 est
936 540 1058 597 Pontifex

159 652 259 709 Meffias
276 670 305 707 ac
322 644 445 723 pretiosus
463 648 515 715 ejus
533 644 633 720 sanguis
652 646 680 701 in
696 647 804 703 Caelum
823 649 857 705 ad
875 648 1059 722 Eapiationem

160 766 186 817 dc
200 753 563 832 Sanctificationem'nostram
578 752 742 819 inferendus,
763 753 978 832 spargendusque.
1016 755 1058 813 Illi

160 868 324 941 indignantur
338 883 371 919 cx
384 859 539 919 Christianis
552 862 702 920 audientest
720 863 793 938 quod
806 863 906 920 Meffias
923 863 1058 936 promiffns

159 976 189 1032 fir·
209 974 364 1035 Redemrosr,
380 987 477 1044 gravet
492 968 638 1035 ladanum,
658 966 738 1044 ipsam
759 947 870 1026 mortem
889 971 986 1027 laturus
1007 989 1057 1044 pro

160 1078 382 1157 peccatismundi.
444 1079 509 1133 Non
523 1076 598 1153 enim
631 1063 745 1133 animum
770 1076 869 1135 habent
898 1079 947 1136 rite
968 1079 1059 1134 instru-

158 1195 224 1248 Ctum
245 1188 277 1245 de
298 1185 412 1243 Peccatia
437 1202 584 1261 eorumque
612 1199 742 1241 venenata
759 1186 883 1251 Natura,
918 1186 950 1242 de
966 1186 1058 1243 intima

158 1301 334 1370 Corruptione
355 1295 538 1357 Peccantium2
562 1292 655 1348 horum
681 1291 798 1364 partibus
820 1297 846 1349 δε
866 1292 1055 1360 facultatibuS,

158 1406 191 1463 de
205 1422 265 1460 vera
279 1401 392 1459 Ratione
410 1399 593 1456 consummatae
608 1398 800 1468 Restitutionis,
819 1401 852 1456 de
870 1401 978 1457 decente
992 1402 1057 1458 Glo-

157 1511 299 1569 rificatione
312 1508 504 1566 Perfedtionum
520 1507 695 1573 Divinarum,
715 1526 772 1583 qua
787 1525 834 1583 per
852 1511 959 1564 Peccata
973 1508 1058 1566 viola,

158 1638 189 1677 tae
207 1623 232 1676 δι
250 1617 401 1678 obscuratae
415 1632 499 1674 erant.
544 1615 625 1689 judai
643 1602 796 1689 prejudiciis
812 1622 928 1690 corrupti
950 1622 1058 1691 opinan-

156 1744 198 1786 tur
217 1731 368 1785 Peccatores
384 1730 436 1797 jam
454 1723 516 1780 Deo
535 1738 655 1797 acceptos
692 1721 767 1807 reddi
785 1741 832 1799 pet
856 1724 954 1781 cultum
975 1740 1057 1780 exter-

157 1832 509 1920 nu111,Circurncisroncm,
531 1830 649 1912 jejunia,
677 1829 881 1911 Eleemosynas,
911 1830 1058 1889 Confeffio·

156 1962 202 1999 nes
211 1982 221 2023 7
247 1918 339 2007 Festass
362 1940 472 1998 vivendi
491 1957 572 2015 genus
591 1938 747 2005 honestum,
774 1940 839 1996 olim
863 1958 908 2014 per
934 1937 1057 1996 sacrificia

158 2050 295 2122 piacularia
313 2047 509 2115 &consimilia
564 2046 750 2104 Scandalosum
765 2047 796 2102 iis
818 2047 924 2102 videtur
943 2047 1057 2104 Meffiam

159 2155 301 2229 exspectare
316 2157 360 2213 uel
375 2155 461 2213 colere
474 2153 614 2219 afflictum,
634 2152 778 2220 mise-rum,
796 2153 940 2227 patientem
957 2154 1057 2220 anima,

159 2264 388 2337 corporationis,
407 2262 495 2332 fama,
516 2261 571 2318 imo
588 2252 742 2319 moriturum
756 2261 800 2319 vel
815 2277 956 2320 mortuum.
1012 2266 1058 2322 Er·

159 2349 203 2428 ror
225 2370 267 2427 hic
287 2370 368 2442 longo
388 2386 505 2445 tempore
523 2369 674 2428 dominatur
694 2370 721 2425 in
733 2368 848 2430 Ecclefia
867 2370 976 2444 Judaica
1001 2390 1056 2429 cor-

157 2496 241 2552 rupta.
272 2479 396 2551 Ignorant
404 2478 534 2535 Vaticinia
545 2479 624 2537 Mofis
636 2483 663 2536 dc
675 2478 864 2555 Prophetarum
879 2479 912 2536 de
924 2481 988 2537 statu
1005 2480 1057 2555 pri-

159 2606 203 2642 mo
220 2585 330 2652 humili,
348 2585 437 2660 postea
452 2584 555 2642 demum
572 2585 695 2661 glorioso.
754 2588 842 2645 Turba
854 2588 1002 2662 judaeorum
1023 2587 1057 2646 ad

156 2693 288 2755 coelestem
301 2693 437 2754 doctorem
449 2691 551 2753 dixerat
569 2715 576 2754 a
615 2694 673 2752 aas
686 2691 826 2758 audiuimus
840 2712 873 2754 cat
886 2695 964 2769 Lege,
986 2692 1058 2753 Chri-

991 2779 1057 2854 flam
