2297 3134
181 223 235 285 293
316 260 321 268 ,
447 255 448 259 ,
512 208 786 291 Ἰ[τττι’τ,ΧῙΙῙ.3ο.

184 319 311 372 Probabile
324 335 423 388 qnoque
442 322 527 383 tanaro,
546 319 654 370 srsolum
666 321 787 378 occurrit,
807 319 887 371 minus
900 325 1000 377 notare,
1020 333 1093 386 quarn

186 397 255 439 mam
268 403 289 439 a.
309 386 365 438 Lev.
378 383 464 438 XXV.
478 396 500 444 4.
519 397 538 444 5.
558 383 653 437 XXlll.
666 399 703 448 24.
719 399 755 445 39.

227 532 230 538 .
250 490 272 546 ξ.
284 499 338 548 442.
357 484 463 535 Alterum
481 480 589 535 officium
605 500 753 546 commune,
768 483 836 552 quod
850 500 871 535 v.
883 498 921 549 29.
939 486 1020 552 primo
1034 499 1094 550 prae-

185 553 316 618 cipiebatur
325 551 393 607 loco,
412 564 477 599 nunc
489 549 609 601 secundo:
626 556 751 616 Eraffligetis
761 556 840 600 anianus
851 555 932 615 vestras.
950 550 1093 616 Expositum

185 621 232 682 jana
244 617 311 683 supra
328 621 349 675 ὅ.
365 627 411 676 423
422 647 432 656 -
444 621 499 676 426.
528 615 600 666 Addo
609 615 685 667 solum
697 617 858 680 traJ‘esiionem
871 616 959 668 docere
970 619 1093 682 utriusque

185 681 257 734 officii
269 683 404 746 paritatem,
424 681 463 731 sed
485 684 656 746 repetitionem
673 682 751 733 testari
766 683 795 732 de
809 681 865 733 seria
879 681 992 733 Numinis
1007 682 1093 732 volun-

184 759 231 799 tate
251 746 440 810 &obligatione
460 747 490 796 ad
506 747 684 813 praestandum,
707 748 750 799 else
763 749 871 798 medium
889 746 902 797 b
921 747 976 798 Deo
997 748 1093 797 ordina-

184 826 252 870 tum,
272 821 298 863 ut
316 810 423 863 israelitae
447 815 542 863 veniam
567 824 725 879 peccatorum
747 814 771 864 ὅτ
794 811 988 879 purificationem
1010 812 1093 864 conse-

183 890 292 945 quantur.

249 965 270 1026 §.
281 978 339 1028 443.
355 963 526 1031 Superadditur
540 965 613 1017 etiam
624 965 720 1029 ¹horum
733 966 870 1021 officiorum
885 966 980 1025 duratio
996 983 1001 1018 :
1020 971 1093 1018 Statu-

182 1033 325 1094 tamsecalare
343 1044 365 1081 at.
392 1031 434 1081 Uti
447 1031 529 1082 eadem
541 1031 648 1090 Phausia,
667 1050 720 1100 qtaaa
733 1034 800 1099 supra
814 1051 835 1085 v,
848 1049 886 1094 29·
905 1033 936 1084 fic
950 1033 1032 1085 eadem
1048 1048 1093 1082 no-

181 1099 222 1148 tin.
257 1094 344 1148 Officia
360 1096 410 1147 haec
424 1099 563 1149 communia
581 1099 709 1159 praestanda
725 1098 769 1149 else
787 1116 863 1165 usque
884 1100 912 1150 ad
934 1099 1006 1149 finem
1020 1097 1093 1148 seculi

182 1161 282 1214 Mosaici
300 1160 338 1212 vel
352 1161 511 1213 Oeconomiae
527 1162 556 1212 V.
566 1162 719 1214 Testamenti.
754 1163 800 1215 Res
818 1164 893 1221 clara,
907 1164 1006 1229 quando
1024 1162 1094 1213 cessat

183 1226 305 1280 Pontificio
319 1229 423 1292 expiatio
437 1230 517 1293 typica
533 1244 577 1294 per
588 1228 712 1286 sacrificia,
727 1228 814 1280 cellam
828 1244 928 1295 quoque
939 1227 1027 1278 israelis
1039 1225 1093 1277 offi-

183 1295 229 1352 cia,
246 1302 273 1345 ut
286 1294 448 1359 expiationem
465 1293 631 1360 consequatur,
649 1292 725 1360 Judaei
738 1293 845 1345 infideles
856 1293 963 1358 Templo
979 1291 1094 1345 Hieroso-

183 1359 317 1425 lymitano,
330 1374 375 1409 eeu
389 1360 464 1409 unico
482 1358 603 1410 sacrorum
618 1359 675 1410 loco
690 1359 770 1411 diruto
786 1361 902 1411 abstinere
920 1370 1044 1424 coguntur
1063 1357 1093 1410 ab

183 1424 306 1475 oblatione
318 1425 477 1487 juvencorum
498 1424 660 1477 &hircorum
680 1441 816 1491 quanquam
833 1441 910 1489 aegre,
927 1421 1094 1490 siquidemJu-

184 1493 227 1541 daei
245 1490 353 1556 germani
371 1490 502 1540 etiamnum
523 1491 562 1542 die
579 1491 658 1541 Diem
673 1490 823 1556 Expiationis
841 1489 997 1541 antecedente
1010 1486 1095 1538 sacrifi-

186 1559 249 1607 cium
268 1556 390 1619 quoddam
403 1555 518 1616 evaporata
535 1556 656 1613 irretiant,
674 1559 717 1605 viri
732 1557 756 1606 δι
771 1558 839 1621 pueri
859 1555 971 1619 gallum,
988 1555 1095 1605 foeminae

185 1619 444 1687 gallinam,'praenaissrs
460 1621 604 1686 quibusdam
621 1622 747 1684 precibus,
764 1630 800 1671 ter
812 1623 873 1671 circa
889 1630 961 1685 caput
978 1622 1095 1670 circuma-

186 1695 270 1752 gentes
285 1686 308 1735 &
322 1686 427 1735 dicentes
442 1701 447 1734 z
477 1691 521 1735 Hie
530 1688 597 1750 gasat
612 1687 639 1748 fit
648 1691 776 1750 permutatio
785 1699 826 1749 pro
841 1704 873 1733 aaa
887 1702 893 1742 3
921 1690 964 1734 Hic
985 1690 1007 1732 in
1027 1687 1094 1734 lactem

185 1750 353 1812 aaaaafiaceaaa
360 1771 369 1807 ,·
385 1756 428 1801 Hic
433 1751 462 1812 fit
474 1757 565 1815 expiatio
576 1764 619 1816 'pro
634 1769 665 1799 ore
680 1770 688 1806 ,-
706 1756 762 1799 Huic
769 1752 826 1814 gallo
843 1755 853 1809 s
865 1749 980 1814 gallinae)
995 1767 1050 1798 niort
1061 1756 1095 1798 iar-

179 1819 280 1883 fitetur,
297 1814 348 1864 anibi
359 1834 410 1865 oeteo
421 1815 451 1874 ἓξ
462 1822 503 1865 toti
514 1818 584 1878 [fissaca
597 1823 643 1865 uita
652 1818 773 1880 fortunata.
809 1815 952 1867 Misereatm·
962 1814 1095 1865 misericors

185 1882 252 1934 Deus
268 1881 354 1931 ntiserae
365 1883 454 1946 gentis,
470 1890 498 1931 ut
510 1883 534 1931 in
546 1882 593 1932 fide
608 1881 670 1931 dicat
685 1897 690 1929 2
708 1882 766 1944 Jesns
777 1880 865 1944 Christus
877 1886 951 1944 argoas
966 1886 1005 1929 Dei
1020 1885 1045 1942 es
1057 1899 1094 1928 ear·-

182 1953 248 2014 piatio
256 1961 295 2010 pro
305 1953 393 2010 peccatis
405 1953 453 1995 oreis
462 1946 492 2004 ἓξ
503 1954 591 2011 peccatis
604 1952 669 1996 totius
684 1947 762 1996 tancardi.
782 1945 887 1996 Lusitani
906 1962 984 1995 raaraen
993 1944 1094 1996 Genna-

185 2029 272 2063 norum
285 2028 363 2063 naores
380 2014 533 2078 improbant,
546 2013 710 2078 abstineantque
724 2010 736 2061 a
751 2012 886 2062 ceremonia
903 2010 941 2060 illa
955 2012 1092 2061 mnemoni-

186 2094 219 2129 ca.
236 2077 265 2128 Et
277 2077 309 2127 illi
320 2078 344 2126 ὅτ
354 2077 378 2127 hi
390 2079 538 2129 conveniunt
552 2080 578 2128 in
589 2077 740 2128 observandis
753 2077 924 2127 communibus
938 2074 1031 2133 officiis,
1043 2076 1093 2126 ani-

185 2158 277 2193 marum
291 2142 416 2193 afflistione
437 2143 462 2193 ἃ
476 2143 597 2194 Sabbatha
612 2143 692 2194 exasle
711 2141 838 2198 colendo,
857 2141 887 2191 de
902 2142 989 2206 quibus
1002 2150 1091 2206 agunt,

185 2210 228 2274 qui
243 2207 373 2258 hodiernos
387 2207 526 2274 judaeorum
544 2210 603 2260 ritus
622 2207 767 2265 recensent,
793 2207 913 2270 speciatim
935 2210 1056 2269 Brrxtoafias
1070 2211 1095 2255 ia·

185 2279 259 2336 Saaaag.
272 2274 326 2335 Jud.
346 2271 430 2329 Pauca,
443 2288 495 2338 quae
509 2273 558 2324 huc
570 2274 668 2331 faciunt,
683 2272 759 2324 solum
776 2282 843 2321 noto.
875 2268 951 2336 Judaei
965 2281 1017 2322 tuna
1032 2281 1093 2322 tem-

185 2339 251 2405 poris
263 2336 304 2387 fibi
319 2338 421 2387 invicem
436 2347 533 2402 peccata
546 2339 700 2396 condonant,
719 2348 745 2388 ut
755 2336 823 2388 Deua
834 2335 924 2386 facilius
938 2338 1035 2402 propria
1050 2336 1093 2387 fibi

184 2411 282 2470 peccata
296 2401 426 2452 condonet.
460 2401 525 2452 Dein
541 2414 639 2466 peecata
650 2401 796 2453 confitentur
807 2400 1012 2468 flagellanturque.
1043 2403 1092 2452 An-

184 2480 282 2534 tequam
296 2482 353 2517 vero
368 2467 408 2517 sub
424 2467 516 2533 vespera
527 2469 671 2532 expiationis
687 2483 770 2532 preces
784 2469 919 2534 incipiunt,
930 2467 1054 2519 sceleratos
1068 2468 1093 2518 se

186 2533 291 2600 perfidos
305 2532 445 2590 absolvunt,
463 2548 513 2598 qno
530 2548 577 2584 una
591 2549 647 2583 cuna
662 2544 727 2584 coetu
741 2549 808 2584 orare
819 2544 915 2600 queant,
927 2542 982 2584 vota
993 2547 1092 2599 quoque

185 2598 322 2656 interdisla,
336 2599 482 2649 anathemata
496 2600 567 2657 irrita,
584 2597 641 2649 cassa
659 2600 823 2664 pronuntiant.
867 2598 980 2650 Notanda
998 2600 1092 2665 praeser-

186 2667 228 2717 tim
245 2666 278 2715 ell
295 2664 428 2715 beraedistio
445 2663 519 2715 Num.
533 2664 575 2715 Vt
593 2680 665 2730 quana
679 2664 794 2716 Sacerdos
810 2665 894 2730 aliquis
908 2663 1002 2730 vespera
1020 2702 1026 2722 ,
1045 2679 1092 2729 qua

185 2742 300 2805 jejunium
310 2737 406 2801 linitur,
422 2742 563 2801 adveniente
577 2747 678 2802 recitat,
695 2728 755 2799 ,nt‘ata
775 2742 812 2794 vel
827 2744 890 2811 peplo
903 2741 971 2796 satiei
985 2743 1030 2860 suge
1045 2744 1092 2858 31],

1029 2825 1042 2860 u
1067 2822 1092 2859 o,
