2297 3134
408 198 491 257 Levll.
510 188 596 253 XVI„
612 193 655 251 102
872 262 874 265 .
919 214 972 268 159

71 316 265 367 immutent&
279 314 325 364 dici
341 322 420 378 puto,
439 324 469 358 eo
488 304 555 370 quod
572 301 614 351 alia
634 301 658 349 in
675 297 781 348 hircis&
797 301 877 351 avium
891 303 972 369 lepro-

70 385 147 433 sorum
159 384 308 432 maantam.
353 377 401 425 Vix
413 374 480 422 aliam
496 372 528 419 ob
546 366 638 418 caulam
658 363 790 439 Spencerus
807 364 892 429 Judaeis
911 385 971 420 con-

70 448 188 504 trariatur,
208 462 278 508 quam
289 441 354 508 quod
368 437 503 504 praeviderit
512 434 534 482 ie
550 433 624 480 stante
638 445 722 479 eorum
736 439 827 478 ratroue
843 433 911 482 etiam
924 434 972 485 boc

69 515 93 562 in
111 511 162 562 calu
178 511 270 560 destitui
290 521 355 556 novo
370 501 485 564 exemplo
509 495 659 561 probabilem
674 493 789 543 reddendi
812 497 971 548 imitationem

69 578 145 627 aetatis
160 575 262 641 judaicae
279 567 401 637 propensae
418 561 546 628 gentilium
562 559 635 610 sacris.
672 557 704 609 Hi
720 561 801 615 enim,
818 562 926 611 animalia
940 563 952 612 s
961 596 971 605 -

68 618 106 694 lc³ra
118 641 174 705 saepe
188 641 249 689 vitria
265 646 305 686 aut
317 632 411 685 infutis,
432 631 507 693 iisque
520 626 605 681 laneis,
620 626 694 690 iisque
713 640 762 674 non
775 641 828 673 raro
847 630 971 692 purpureis

67 717 108 756 aut
120 720 195 755 cocco
207 703 282 753 tindis
300 733 306 752 ‚
326 695 427 758 infigner
445 690 568 742 exornalle
583 727 590 746 ,
608 689 727 754 leguntur.
789 689 877 741 Faciles
901 691 971 744 fimus

67 771 91 819 dc
107 767 280 818 concedamus,
296 762 346 810 haee
363 761 388 809 in
400 757 500 808 aidimie
514 756 686 812 ethnicorum,
706 754 847 806 testimoniis
867 759 971 821 patroci-

66 833 193 885 nantibus,
213 826 345 880 observari,
364 838 414 874 nou
430 832 510 872 tamen
532 819 588 871 inde
603 819 708 885 sequitur
718 818 816 886 Judaoa
831 820 861 871 ad
875 823 972 872 imitan-

66 896 123 944 dum
139 895 179 941 libi
193 886 338 956 proposuisse
353 887 479 953 gentilium
500 901 585 936 mores.
637 885 719 945 Quare
728 883 804 951 Judaei
817 885 867 936 lroc
879 888 904 936 io
917 887 971 938 casu

64 961 94 1007 ira
108 966 225 1006 exornant
239 956 332 1004 hircum
349 955 377 1004 ad
392 954 478 1007 Amal
490 968 518 1001 ac
532 953 601 1001 etiam
623 950 724 1000 alterum
738 965 780 1015 pro
797 949 894 1012 Jebooa,
913 960 970 1010 aut,

62 1021 135 1074 srvis,
156 1036 254 1085 quoque
264 1037 347 1067 vaccina
363 1019 454 1081 rafiam,
473 1016 533 1066 Non
549 1030 605 1065 vero
622 1016 724 1079 plurima
737 1015 781 1065 alia
797 1016 871 1073 sacra,
889 1020 968 1080 jugia,

61 1085 208 1141 sabbathica,
237 1083 432 1139 noviluniornm,
452 1082 589 1136 festorum,
608 1089 646 1130 tot
664 1080 723 1131 alios
741 1079 821 1131 hircos
838 1080 970 1131 sacrifican-

61 1150 112 1199 dos.
156 1149 211 1208 Qua
224 1151 313 1198 ratione
332 1148 433 1203 intirim,
449 1156 475 1197 ut
493 1147 593 1208 nrajores
604 1143 744 1209 ¹ludaeorum
761 1147 921 1197 imitationem
936 1147 969 1197 sa-

60 1214 322 1263 crommethnicorom
336 1213 364 1261 ad
385 1226 459 1276 pauca
479 1211 654 1266 restrinxerint,
680 1210 894 1275 aequinoctia,
914 1226 968 1279 quae

60 1294 115 1329 cum
129 1276 288 1342 specie-tignis
300 1276 435 1327 distinctius
448 1274 554 1325 notanda
570 1274 676 1325 referunt
689 1272 822 1338 capellana.

123 1391 145 1445 §-
167 1401 217 1443 150.
239 1392 329 1435 Tertia:
352 1385 389 1435 tln
402 1395 449 1433 turn
456 1384 511 1449 fides
524 1382 624 1432 habeatnr
636 1384 713 1445 Jrrdtrir
729 1383 862 1432 tradentibus
874 1401 967 1434 coenan.²

61 1458 157 1499 tationem
170 1455 242 1499 coluris
254 1455 338 1499 coccinei
356 1456 378 1498 in
394 1450 464 1497 album
483 1448 494 1504 (
508 1448 537 1497 de
550 1463 597 1512 qua
612 1447 679 1513 supra
693 1448 723 1497 ad
736 1448 757 1506 ἕ.
771 1450 848 1510 147.)
872 1468 915 1511 qna
925 1467 968 1498 non

52 1517 97 1576 fiae
108 1518 206 1563 raia-acala
216 1517 272 1575 falia
284 1512 375 1579 ?Resp.
401 1513 484 1564 Fidem
500 1512 587 1567 habent
603 1513 627 1561 &
645 1511 780 1563 habendam
801 1512 844 1563 ess‘e
860 1513 968 1575 judicant

58 1579 110 1628 Vni
126 1578 247 1629 Clatiffimi
263 1580 353 1641 Jacobru
371 1578 522 1639 Rbenfhrdiru,
553 1576 670 1627 Tlreodornr
690 1579 830 1643 Aclerrloot,
856 1577 969 1628 Bernlrard

65 1643 160 1694 Waltlnr
176 1650 328 1708 ratumago-ns
345 1642 356 1700 (
374 1643 427 1693 vide
444 1644 509 1693 hunc
521 1641 547 1693 L.
562 1642 622 1706 saepe
637 1643 675 1692 cit.
693 1658 716 1707 p.
729 1657 785 1701 99¹·
804 1643 874 1706 dec.)
908 1643 967 1706 Spe-

57 1708 130 1760 ciolus
140 1709 265 1773 ptulerunt
277 1710 386 1758 rationes.
414 1710 454 1758 lde.
472 1707 537 1757 Nilril
547 1709 608 1767 cnnfic
622 1719 680 1763 erat,
694 1724 733 1756 cnr
751 1709 834 1769 (Jndci
841 1709 852 1766 )
869 1713 892 1756 in
915 1725 967 1756 nnrn

55 1774 145 1837 ipftrrnnz
158 1774 292 1836 opprobrium
306 1787 366 1836 arque
382 1774 467 1821 dedecus
483 1772 700 1832 coenninisceneuntr,
717 1790 764 1821 curn
782 1778 869 1837 ingenue
877 1775 966 1835 fatean-

55 1853 93 1887 tru·
102 1875 108 1894 ,
116 1837 178 1900 fniffie
190 1838 273 1900 qtrnnrlo
287 1841 357 1901 lingna
372 1840 405 1886 illa
414 1843 504 1887 coccineo
516 1856 557 1885 non
568 1838 686 1897 albesceret,
701 1839 724 1885 id
734 1839 792 1899 qnod
801 1840 840 1886 idas
852 1856 966 1902 argumen-

55 1917 76 1952 to
91 1915 159 1957 etur,
183 1909 269 1950 Numen
283 1903 324 1950 illis
332 1916 420 1966 propter
434 1902 555 1966 grauffnnr
567 1902 644 1961 scelera
663 1906 742 1949 iratnm
756 1901 806 1964 effi,
825 1901 854 1960 &⁵
871 1921 963 1961 amnne,

55 1968 84 2025 δέ
96 1971 215 2029 Ponrnicern
229 1968 311 2015 illorum
322 1979 404 2030 peccata
420 1973 552 2030 capiarenon
562 1965 654 2029 potniffic.
691 1966 771 2027 Quod
782 1982 838 2017 cunr
849 1965 905 2017 XL.
917 1983 963 2032 po·

54 2030 144 2081 stremis
160 2033 225 2080 annia
240 2042 293 2081 ante
309 2031 490 2081 destruliionem
502 2029 726 2095 Hierosolymorum
739 2031 826 2082 fallunt
842 2031 910 2082 fuille
927 2032 964 2081 di-

55 2106 125 2151 cunt,
141 2111 171 2144 eo
187 2095 236 2160 ipio
248 2094 300 2146 lane
310 2095 470 2152 confitentur,
490 2097 545 2144 inde
557 2094 569 2144 a
587 2105 697 2160 tempore
712 2094 766 2162 Jesu
778 2097 897 2146 Nazareni
910 2112 963 2147 cru·¹

54 2164 75 2212 ci
88 2162 116 2210 ab
129 2160 172 2208 illis
188 2158 251 2210 affixi
266 2159 391 2224 gracillimi
403 2161 493 2210 sceleris
514 2169 604 2210 reatum
621 2160 662 2210 fibi
674 2160 813 2211 incubuille.
853 2166 889 2224 Iste
898 2177 963 2227 quae-1

53 2228 96 2281 rit,
116 2242 144 2275 an
157 2226 269 2275 credibile
287 2225 314 2275 fit
327 2225 472 2276 Christianos
484 2224 547 2282 haec,
572 2242 624 2290 quae
640 2226 784 2290 religionem
804 2225 962 2278 Christianam

52 2291 148 2352 juvant,
172 2291 272 2353 publicis
290 2289 429 2356 Judaorum
447 2291 537 2355 scriptis
555 2291 670 2341 inieruille
691 2292 700 2341 l
727 2291 773 2341 Vel
790 2292 851 2357 ipsos
864 2290 962 2357 Judaeos

53 2356 152 2418 gratiam
165 2355 228 2417 apud
238 2367 336 2420 gentem
347 2356 501 2407 Christianam
519 2354 657 2421 quaesituros
673 2357 736 2407 diuo
754 2359 778 2406 in
795 2357 874 2424 libru,
888 2373 961 2421 quem

52 2419 116 2470 alon
133 2419 292 2483 &Prophetis
307 2425 464 2487 aequiparant,
484 2420 593 2472 notaile?
610 2428 652 2471 Hic
662 2422 787 2473 arbitratur
802 2424 883 2486 negari
897 2422 961 2472 haud

52 2485 115 2548 polle
130 2484 238 2549 quaedam
254 2486 372 2538 llliracula
389 2488 494 2538 incultu
514 2486 652 2552 judaeorum
668 2488 780 2544 exstare,
805 2489 892 2553 quibus
911 2487 961 2537 baec

52 2551 124 2611 panni
140 2552 246 2599 coccinei
262 2552 286 2600 iu
307 2553 387 2602 album
405 2554 489 2603 mutati
506 2552 689 2602 annumeranda.
727 2552 794 2613 Quid
807 2568 855 2616 ego
868 2553 958 2607 dicam,

52 2627 101 2663 non
116 2614 166 2663 satis
179 2616 265 2680 liquet,
284 2619 399 2673 rationes,
418 2635 474 2685 quas
489 2617 539 2668 Viri
557 2620 682 2668 memorati
695 2618 828 2683 proferunt,
842 2633 890 2666 uon
906 2616 959 2667 lunt

52 2680 241 2732 contemnendae.
293 2685 329 2733 rlb
346 2682 416 2735 altera
432 2693 498 2751 parte
515 2682 589 2750 probe
604 2698 703 2749 quoque
720 2681 896 2796 penfitandurp·
908 2684 959 2730 exi-

891 2761 957 2804 uno,
