<?xml version="1.0" encoding="UTF-8"?>
<!DOCTYPE html PUBLIC "-//W3C//DTD XHTML 1.0 Transitional//EN"
    "http://www.w3.org/TR/xhtml1/DTD/xhtml1-transitional.dtd">
<html xmlns="http://www.w3.org/1999/xhtml" xml:lang="en" lang="en">
 <head>
  <title>
</title>
<meta http-equiv="Content-Type" content="text/html;charset=utf-8" />
  <meta name='ocr-system' content='tesseract 3.04.00' />
  <meta name='ocr-capabilities' content='ocr_page ocr_carea ocr_par ocr_line ocrx_word'/>
</head>
<body>
  <div class='ocr_page' id='page_1' title='image "./MN40369ucmf_0/MN40369ucmf_0_0111.png"; bbox 0 0 2380 3134; ppageno 0'>
   <div class='ocr_carea' id='block_1_1' title="bbox 444 206 1020 282">
    <p class='ocr_par' dir='ltr' id='par_1_1' title="bbox 444 206 1020 282">
     <span class='ocr_line' id='line_1_1' title="bbox 444 206 1020 282; baseline 0.01 -19"><span class='ocrx_word' id='word_1_1' title='bbox 444 206 671 272; x_wconf 59' lang='lat' dir='ltr'><strong>reuemfre</strong></span> <span class='ocrx_word' id='word_1_2' title='bbox 985 225 1020 282; x_wconf 52' lang='lat' dir='ltr'><strong>aa</strong></span> 
     </span>
    </p>
   </div>
   <div class='ocr_carea' id='block_1_2' title="bbox 102 314 1022 975">
    <p class='ocr_par' dir='ltr' id='par_1_2' title="bbox 102 314 1022 975">
     <span class='ocr_line' id='line_1_2' title="bbox 110 314 1022 383; baseline 0.012 -21"><span class='ocrx_word' id='word_1_3' title='bbox 110 314 168 378; x_wconf 71' lang='lat' dir='ltr'><strong>qzracl</strong></span> <span class='ocrx_word' id='word_1_4' title='bbox 175 315 240 378; x_wconf 74' lang='lat' dir='ltr'><strong>firper</strong></span> <span class='ocrx_word' id='word_1_5' title='bbox 253 334 307 367; x_wconf 75' lang='lat' dir='ltr'><strong>arca.</strong></span> <span class='ocrx_word' id='word_1_6' title='bbox 356 315 473 368; x_wconf 76' lang='lat' dir='ltr'><strong>Accurate</strong></span> <span class='ocrx_word' id='word_1_7' title='bbox 491 317 600 368; x_wconf 84' lang='lat' dir='ltr'><strong>describit</strong></span> <span class='ocrx_word' id='word_1_8' title='bbox 612 317 712 375; x_wconf 88' lang='lat' dir='ltr'><strong>locum,</strong></span> <span class='ocrx_word' id='word_1_9' title='bbox 731 315 745 367; x_wconf 77' lang='lat' dir='ltr'><strong>ir</strong></span> <span class='ocrx_word' id='word_1_10' title='bbox 762 332 812 383; x_wconf 85' lang='lat' dir='ltr'><strong>quo</strong></span> <span class='ocrx_word' id='word_1_11' title='bbox 833 316 927 369; x_wconf 82' lang='lat' dir='ltr'><strong>lllraron</strong></span> <span class='ocrx_word' id='word_1_12' title='bbox 943 320 1022 374; x_wconf 80' lang='lat' dir='ltr'><strong>abesse</strong></span> 
     </span>
     <span class='ocr_line' id='line_1_3' title="bbox 110 381 1022 448; baseline 0.008 -18"><span class='ocrx_word' id='word_1_13' title='bbox 110 381 203 430; x_wconf 88' lang='lat' dir='ltr'><strong>debeat.</strong></span> <span class='ocrx_word' id='word_1_14' title='bbox 223 393 275 438; x_wconf 65' lang='lat' dir='ltr'><strong>uua</strong></span> <span class='ocrx_word' id='word_1_15' title='bbox 293 382 339 434; x_wconf 83' lang='lat' dir='ltr'><strong>live</strong></span> <span class='ocrx_word' id='word_1_16' title='bbox 353 384 487 447; x_wconf 76' lang='lat' dir='ltr'>originem,</span> <span class='ocrx_word' id='word_1_17' title='bbox 506 381 553 433; x_wconf 83' lang='lat' dir='ltr'><strong>five</strong></span> <span class='ocrx_word' id='word_1_18' title='bbox 576 385 645 433; x_wconf 91' lang='lat' dir='ltr'><strong>etiam</strong></span> <span class='ocrx_word' id='word_1_19' title='bbox 657 383 712 445; x_wconf 85' lang='lat' dir='ltr'><strong>ejus</strong></span> <span class='ocrx_word' id='word_1_20' title='bbox 735 381 803 448; x_wconf 83' lang='lat' dir='ltr'><strong>ulum</strong></span> <span class='ocrx_word' id='word_1_21' title='bbox 822 383 924 448; x_wconf 65' lang='lat' dir='ltr'><strong>speeies,</strong></span> <span class='ocrx_word' id='word_1_22' title='bbox 943 393 1022 437; x_wconf 80' lang='lat' dir='ltr'><strong>Locum</strong></span> 
     </span>
     <span class='ocr_line' id='line_1_4' title="bbox 110 445 1021 513; baseline 0.008 -17"><span class='ocrx_word' id='word_1_23' title='bbox 110 450 214 504; x_wconf 67' lang='lat' dir='ltr'><strong>Sacarum,</strong></span> <span class='ocrx_word' id='word_1_24' title='bbox 233 445 309 508; x_wconf 82' lang='lat' dir='ltr'><strong>Deo,</strong></span> <span class='ocrx_word' id='word_1_25' title='bbox 328 449 426 513; x_wconf 76' lang='lat' dir='ltr'><strong>eiusque</strong></span> <span class='ocrx_word' id='word_1_26' title='bbox 450 446 529 498; x_wconf 86' lang='lat' dir='ltr'><strong>cultui</strong></span> <span class='ocrx_word' id='word_1_27' title='bbox 543 448 705 499; x_wconf 84' lang='lat' dir='ltr'><strong>consecratum</strong></span> <span class='ocrx_word' id='word_1_28' title='bbox 726 457 803 499; x_wconf 86' lang='lat' dir='ltr'><strong>notat.</strong></span> <span class='ocrx_word' id='word_1_29' title='bbox 865 448 1021 504; x_wconf 76' lang='lat' dir='ltr'>Vocabulum</span> 
     </span>
     <span class='ocr_line' id='line_1_5' title="bbox 109 513 1020 579; baseline 0.009 -18"><span class='ocrx_word' id='word_1_30' title='bbox 109 513 219 579; x_wconf 78' lang='lat' dir='ltr'>adeoque</span> <span class='ocrx_word' id='word_1_31' title='bbox 237 513 347 578; x_wconf 78' lang='lat' dir='ltr'><strong>generale</strong></span> <span class='ocrx_word' id='word_1_32' title='bbox 364 515 396 563; x_wconf 88' lang='lat' dir='ltr'><strong>est</strong></span> <span class='ocrx_word' id='word_1_33' title='bbox 417 550 424 571; x_wconf 83' lang='grc'><strong>,</strong></span> <span class='ocrx_word' id='word_1_34' title='bbox 445 513 516 577; x_wconf 86' lang='lat' dir='ltr'><strong>quod</strong></span> <span class='ocrx_word' id='word_1_35' title='bbox 536 514 716 565; x_wconf 82' lang='lat' dir='ltr'><strong>circumstantiae</strong></span> <span class='ocrx_word' id='word_1_36' title='bbox 736 514 834 565; x_wconf 86' lang='lat' dir='ltr'><strong>demum</strong></span> <span class='ocrx_word' id='word_1_37' title='bbox 851 515 1020 569; x_wconf 81' lang='lat' dir='ltr'><strong>determinant</strong></span> 
     </span>
     <span class='ocr_line' id='line_1_6' title="bbox 107 576 1017 645; baseline 0.005 -17"><span class='ocrx_word' id='word_1_38' title='bbox 107 576 141 628; x_wconf 83' lang='lat' dir='ltr'><strong>lta</strong></span> <span class='ocrx_word' id='word_1_39' title='bbox 158 585 286 628; x_wconf 74' lang='lat' dir='ltr'><strong>anteriorem</strong></span> <span class='ocrx_word' id='word_1_40' title='bbox 306 579 415 637; x_wconf 72' lang='lat' dir='ltr'><strong>(nartirmrii</strong></span> <span class='ocrx_word' id='word_1_41' title='bbox 431 591 518 640; x_wconf 72' lang='lat' dir='ltr'><strong>purtem</strong></span> <span class='ocrx_word' id='word_1_42' title='bbox 536 594 579 643; x_wconf 86' lang='lat' dir='ltr'><strong>per</strong></span> <span class='ocrx_word' id='word_1_43' title='bbox 600 585 652 645; x_wconf 59' lang='lat' dir='ltr'><strong>idus&gt;</strong></span> <span class='ocrx_word' id='word_1_44' title='bbox 675 579 862 644; x_wconf 80' lang='lat' dir='ltr'><strong>intelligendum</strong></span> <span class='ocrx_word' id='word_1_45' title='bbox 881 580 924 631; x_wconf 73' lang='lat' dir='ltr'><strong>elle</strong></span> <span class='ocrx_word' id='word_1_46' title='bbox 939 580 1017 636; x_wconf 79' lang='lat' dir='ltr'><strong>EXOd.</strong></span> 
     </span>
     <span class='ocr_line' id='line_1_7' title="bbox 106 641 1019 704; baseline 0.005 -10"><span class='ocrx_word' id='word_1_47' title='bbox 106 641 226 694; x_wconf 81' lang='lat' dir='ltr'><strong>XXVlll.</strong></span> <span class='ocrx_word' id='word_1_48' title='bbox 243 658 280 703; x_wconf 80' lang='lat'><strong>29.</strong></span> <span class='ocrx_word' id='word_1_49' title='bbox 296 657 331 704; x_wconf 77' lang='lat'><strong>35.</strong></span> <span class='ocrx_word' id='word_1_50' title='bbox 351 642 418 693; x_wconf 87' lang='lat' dir='ltr'><strong>facile</strong></span> <span class='ocrx_word' id='word_1_51' title='bbox 436 642 508 702; x_wconf 85' lang='lat' dir='ltr'><strong>scio,</strong></span> <span class='ocrx_word' id='word_1_52' title='bbox 532 659 587 694; x_wconf 86' lang='lat' dir='ltr'><strong>uam</strong></span> <span class='ocrx_word' id='word_1_53' title='bbox 605 643 718 696; x_wconf 77' lang='lat' dir='ltr'>Pontifex</span> <span class='ocrx_word' id='word_1_54' title='bbox 734 643 855 696; x_wconf 65' lang='lat' dir='ltr'><strong>Pectorale</strong></span> <span class='ocrx_word' id='word_1_55' title='bbox 874 647 898 697; x_wconf 76' lang='lat' dir='ltr'><strong>dc</strong></span> <span class='ocrx_word' id='word_1_56' title='bbox 916 644 1019 699; x_wconf 86' lang='lat' dir='ltr'><strong>Pallium</strong></span> 
     </span>
     <span class='ocr_line' id='line_1_8' title="bbox 103 706 1017 777; baseline 0.004 -19"><span class='ocrx_word' id='word_1_57' title='bbox 103 724 161 759; x_wconf 88' lang='lat' dir='ltr'><strong>cum</strong></span> <span class='ocrx_word' id='word_1_58' title='bbox 172 709 353 760; x_wconf 84' lang='lat' dir='ltr'><strong>Tintiunabulis</strong></span> <span class='ocrx_word' id='word_1_59' title='bbox 368 710 392 758; x_wconf 76' lang='lat' dir='ltr'><strong>de</strong></span> <span class='ocrx_word' id='word_1_60' title='bbox 411 706 586 773; x_wconf 80' lang='lat' dir='ltr'><strong>Malogranatie</strong></span> <span class='ocrx_word' id='word_1_61' title='bbox 604 710 700 761; x_wconf 79' lang='lat' dir='ltr'><strong>indutus</strong></span> <span class='ocrx_word' id='word_1_62' title='bbox 722 710 784 763; x_wconf 90' lang='lat' dir='ltr'><strong>illud</strong></span> <span class='ocrx_word' id='word_1_63' title='bbox 802 711 895 777; x_wconf 82' lang='lat' dir='ltr'><strong>ingredi</strong></span> <span class='ocrx_word' id='word_1_64' title='bbox 910 711 1017 772; x_wconf 72' lang='lat' dir='ltr'><strong>dicitur„</strong></span> 
     </span>
     <span class='ocr_line' id='line_1_9' title="bbox 104 772 1017 844; baseline 0.007 -20"><span class='ocrx_word' id='word_1_65' title='bbox 104 773 141 825; x_wconf 84' lang='lat' dir='ltr'><strong>sed</strong></span> <span class='ocrx_word' id='word_1_66' title='bbox 155 775 258 825; x_wconf 83' lang='lat' dir='ltr'><strong>vestibus</strong></span> <span class='ocrx_word' id='word_1_67' title='bbox 274 774 308 823; x_wconf 88' lang='lat' dir='ltr'><strong>bis</strong></span> <span class='ocrx_word' id='word_1_68' title='bbox 322 782 420 823; x_wconf 87' lang='lat' dir='ltr'><strong>ornatus</strong></span> <span class='ocrx_word' id='word_1_69' title='bbox 436 773 466 823; x_wconf 92' lang='lat' dir='ltr'><strong>ad</strong></span> <span class='ocrx_word' id='word_1_70' title='bbox 479 772 575 825; x_wconf 90' lang='lat' dir='ltr'><strong>Locum</strong></span> <span class='ocrx_word' id='word_1_71' title='bbox 589 773 752 826; x_wconf 75' lang='lat' dir='ltr'><strong>sandillimum</strong></span> <span class='ocrx_word' id='word_1_72' title='bbox 770 792 821 828; x_wconf 87' lang='lat' dir='ltr'><strong>non</strong></span> <span class='ocrx_word' id='word_1_73' title='bbox 834 778 950 844; x_wconf 83' lang='lat' dir='ltr'><strong>pertingit</strong></span> <span class='ocrx_word' id='word_1_74' title='bbox 959 777 1017 831; x_wconf 79' lang='lat' dir='ltr'><strong>Leu</strong></span> 
     </span>
     <span class='ocr_line' id='line_1_10' title="bbox 103 837 1018 907; baseline 0.007 -17"><span class='ocrx_word' id='word_1_75' title='bbox 103 837 172 890; x_wconf 83' lang='lat' dir='ltr'><strong>XVl.</strong></span> <span class='ocrx_word' id='word_1_76' title='bbox 192 854 215 901; x_wconf 77' lang='lat'><strong>4,</strong></span> <span class='ocrx_word' id='word_1_77' title='bbox 234 838 392 889; x_wconf 88' lang='lat' dir='ltr'><strong>Posteriorem</strong></span> <span class='ocrx_word' id='word_1_78' title='bbox 405 846 486 901; x_wconf 87' lang='lat' dir='ltr'><strong>autem</strong></span> <span class='ocrx_word' id='word_1_79' title='bbox 503 841 667 901; x_wconf 80' lang='lat' dir='ltr'><strong>incommote,</strong></span> <span class='ocrx_word' id='word_1_80' title='bbox 687 841 755 907; x_wconf 87' lang='lat' dir='ltr'><strong>quod</strong></span> <span class='ocrx_word' id='word_1_81' title='bbox 768 857 814 907; x_wconf 84' lang='lat' dir='ltr'><strong>pro</strong></span> <span class='ocrx_word' id='word_1_82' title='bbox 834 843 909 894; x_wconf 77' lang='lat' dir='ltr'><strong>oculis</strong></span> <span class='ocrx_word' id='word_1_83' title='bbox 921 844 966 901; x_wconf 84' lang='lat' dir='ltr'><strong>est,</strong></span> <span class='ocrx_word' id='word_1_84' title='bbox 985 859 1018 896; x_wconf 76' lang='lat' dir='ltr'><strong>ear</strong></span> 
     </span>
     <span class='ocr_line' id='line_1_11' title="bbox 102 903 1016 975; baseline 0.005 -21"><span class='ocrx_word' id='word_1_85' title='bbox 102 903 198 963; x_wconf 67' lang='lat' dir='ltr'><strong>Teum,</strong></span> <span class='ocrx_word' id='word_1_86' title='bbox 216 905 349 956; x_wconf 86' lang='lat' dir='ltr'><strong>rationibus</strong></span> <span class='ocrx_word' id='word_1_87' title='bbox 362 906 385 953; x_wconf 79' lang='lat' dir='ltr'><strong>dc</strong></span> <span class='ocrx_word' id='word_1_88' title='bbox 398 904 585 956; x_wconf 69' lang='lat' dir='ltr'><strong>austeritatibus.</strong></span> <span class='ocrx_word' id='word_1_89' title='bbox 628 904 725 957; x_wconf 79' lang='lat' dir='ltr'><strong>Dicitur</strong></span> <span class='ocrx_word' id='word_1_90' title='bbox 739 909 805 957; x_wconf 89' lang='lat' dir='ltr'><strong>euim</strong></span> <span class='ocrx_word' id='word_1_91' title='bbox 825 911 896 975; x_wconf 66' lang='lat' dir='ltr'><strong>daun</strong></span> <span class='ocrx_word' id='word_1_92' title='bbox 915 911 1016 959; x_wconf 72' lang='lat' dir='ltr'><strong>Saartium</strong></span> 
     </span>
    </p>
   </div>
   <div class='ocr_carea' id='block_1_3' title="bbox 101 967 1016 1180">
    <p class='ocr_par' dir='ltr' id='par_1_3' title="bbox 101 967 1016 1180">
     <span class='ocr_line' id='line_1_12' title="bbox 101 967 1016 1048; baseline 0.008 -19"><span class='ocrx_word' id='word_1_93' title='bbox 101 983 166 1039; x_wconf 81' lang='lat' dir='ltr'><strong>illud,</strong></span> <span class='ocrx_word' id='word_1_94' title='bbox 185 992 244 1048; x_wconf 86' lang='lat' dir='ltr'><strong>puta</strong></span> <span class='ocrx_word' id='word_1_95' title='bbox 257 982 324 1047; x_wconf 89' lang='lat' dir='ltr'><strong>quod</strong></span> <span class='ocrx_word' id='word_1_96' title='bbox 343 967 432 1033; x_wconf 45' lang='grc' dir='ltr'><strong>ἴτω-’98</strong></span> <span class='ocrx_word' id='word_1_97' title='bbox 454 991 517 1033; x_wconf 68' lang='lat' dir='ltr'><strong>mbo</strong></span> <span class='ocrx_word' id='word_1_98' title='bbox 529 989 589 1033; x_wconf 74' lang='lat' dir='ltr'><strong>iutra</strong></span> <span class='ocrx_word' id='word_1_99' title='bbox 603 984 687 1040; x_wconf 79' lang='lat' dir='ltr'><strong>velum,</strong></span> <span class='ocrx_word' id='word_1_100' title='bbox 709 982 758 1034; x_wconf 87' lang='lat' dir='ltr'><strong>scil.</strong></span> <span class='ocrx_word' id='word_1_101' title='bbox 772 983 936 1035; x_wconf 86' lang='lat' dir='ltr'><strong>disterminaus</strong></span> <span class='ocrx_word' id='word_1_102' title='bbox 956 984 1016 1036; x_wconf 84' lang='lat' dir='ltr'><strong>San-</strong></span> 
     </span>
     <span class='ocr_line' id='line_1_13' title="bbox 101 1046 1014 1114; baseline 0.005 -17"><span class='ocrx_word' id='word_1_103' title='bbox 101 1047 164 1097; x_wconf 70' lang='lat' dir='ltr'><strong>ctum</strong></span> <span class='ocrx_word' id='word_1_104' title='bbox 176 1047 191 1097; x_wconf 63' lang='lat' dir='ltr'><strong>,b</strong></span> <span class='ocrx_word' id='word_1_105' title='bbox 199 1046 352 1098; x_wconf 51' lang='lat' dir='ltr'><strong>‘Sarrdilliruo</strong></span> <span class='ocrx_word' id='word_1_106' title='bbox 364 1046 437 1099; x_wconf 85' lang='lat' dir='ltr'><strong>:Hoc</strong></span> <span class='ocrx_word' id='word_1_107' title='bbox 450 1050 517 1100; x_wconf 88' lang='lat' dir='ltr'><strong>enim</strong></span> <span class='ocrx_word' id='word_1_108' title='bbox 527 1050 559 1099; x_wconf 81' lang='lat' dir='ltr'><strong>ita</strong></span> <span class='ocrx_word' id='word_1_109' title='bbox 569 1047 707 1114; x_wconf 82' lang='lat' dir='ltr'><strong>appellatur.</strong></span> <span class='ocrx_word' id='word_1_110' title='bbox 724 1048 771 1099; x_wconf 86' lang='lat' dir='ltr'><strong>vid.</strong></span> <span class='ocrx_word' id='word_1_111' title='bbox 781 1050 841 1100; x_wconf 86' lang='lat' dir='ltr'><strong>iufra</strong></span> <span class='ocrx_word' id='word_1_112' title='bbox 854 1065 874 1100; x_wconf 82' lang='lat' dir='ltr'><strong>u.</strong></span> <span class='ocrx_word' id='word_1_113' title='bbox 890 1061 923 1100; x_wconf 83' lang='lat'><strong>12.</strong></span> <span class='ocrx_word' id='word_1_114' title='bbox 933 1048 1014 1102; x_wconf 84' lang='lat' dir='ltr'><strong>Exod.</strong></span> 
     </span>
     <span class='ocr_line' id='line_1_14' title="bbox 101 1110 1013 1180; baseline 0.003 -16"><span class='ocrx_word' id='word_1_115' title='bbox 101 1110 196 1164; x_wconf 82' lang='lat' dir='ltr'>XXVI.</span> <span class='ocrx_word' id='word_1_116' title='bbox 214 1126 251 1172; x_wconf 80' lang='lat'><strong>31.</strong></span> <span class='ocrx_word' id='word_1_117' title='bbox 271 1111 380 1166; x_wconf 75' lang='lat' dir='ltr'>XXXV.</span> <span class='ocrx_word' id='word_1_118' title='bbox 397 1127 433 1165; x_wconf 83' lang='lat'><strong>12.</strong></span> <span class='ocrx_word' id='word_1_119' title='bbox 484 1111 551 1165; x_wconf 89' lang='lat' dir='ltr'><strong>Bene</strong></span> <span class='ocrx_word' id='word_1_120' title='bbox 568 1114 670 1180; x_wconf 77' lang='lat' dir='ltr'><strong>explicat</strong></span> <span class='ocrx_word' id='word_1_121' title='bbox 685 1114 823 1166; x_wconf 82' lang='lat' dir='ltr'><strong>Abarbanel</strong></span> <span class='ocrx_word' id='word_1_122' title='bbox 841 1130 864 1180; x_wconf 84' lang='lat' dir='ltr'><strong>p.</strong></span> <span class='ocrx_word' id='word_1_123' title='bbox 883 1117 921 1166; x_wconf 88' lang='lat' dir='ltr'><strong>cit.</strong></span> <span class='ocrx_word' id='word_1_124' title='bbox 941 1114 970 1167; x_wconf 88' lang='lat' dir='ltr'><strong>C.</strong></span> <span class='ocrx_word' id='word_1_125' title='bbox 990 1130 1013 1179; x_wconf 74' lang='lat'><em>4</em></span> 
     </span>
    </p>
   </div>
   <div class='ocr_carea' id='block_1_4' title="bbox 98 1185 1014 1323">
    <p class='ocr_par' dir='ltr' id='par_1_4' title="bbox 98 1185 1014 1323">
     <span class='ocr_line' id='line_1_15' title="bbox 98 1185 1014 1256; baseline 0.002 -14"><span class='ocrx_word' id='word_1_126' title='bbox 98 1198 190 1243; x_wconf 68' lang='lat' dir='ltr'><strong>natatu</strong></span> <span class='ocrx_word' id='word_1_127' title='bbox 200 1185 257 1243; x_wconf 59' lang='lat' dir='ltr'><strong>&#39;utrae</strong></span> <span class='ocrx_word' id='word_1_128' title='bbox 271 1205 328 1242; x_wconf 74' lang='lat' dir='ltr'><strong>retro</strong></span> <span class='ocrx_word' id='word_1_129' title='bbox 338 1193 412 1241; x_wconf 77' lang='lat' dir='ltr'><strong>veluan.</strong></span> <span class='ocrx_word' id='word_1_130' title='bbox 429 1191 470 1243; x_wconf 91' lang='lat' dir='ltr'><strong>Sic</strong></span> <span class='ocrx_word' id='word_1_131' title='bbox 479 1191 540 1243; x_wconf 67' lang='lat' dir='ltr'><strong>eirca</strong></span> <span class='ocrx_word' id='word_1_132' title='bbox 551 1191 680 1242; x_wconf 85' lang='lat' dir='ltr'><strong>testimonii</strong></span> <span class='ocrx_word' id='word_1_133' title='bbox 692 1191 834 1256; x_wconf 84' lang='lat' dir='ltr'><strong>reponenda</strong></span> <span class='ocrx_word' id='word_1_134' title='bbox 848 1187 930 1244; x_wconf 57' lang='lat' dir='ltr'><strong>nauel·</strong></span> <span class='ocrx_word' id='word_1_135' title='bbox 950 1201 1014 1244; x_wconf 76' lang='lat' dir='ltr'><strong>uun</strong></span> 
     </span>
     <span class='ocr_line' id='line_1_16' title="bbox 99 1254 1013 1323; baseline 0.004 -17"><span class='ocrx_word' id='word_1_136' title='bbox 99 1254 175 1307; x_wconf 76' lang='lat' dir='ltr'><strong>Exod.</strong></span> <span class='ocrx_word' id='word_1_137' title='bbox 186 1255 284 1309; x_wconf 83' lang='lat' dir='ltr'>XXVI.</span> <span class='ocrx_word' id='word_1_138' title='bbox 300 1271 335 1317; x_wconf 71' lang='lat'><strong>33„</strong></span> <span class='ocrx_word' id='word_1_139' title='bbox 366 1256 411 1307; x_wconf 86' lang='lat' dir='ltr'><strong>Sed</strong></span> <span class='ocrx_word' id='word_1_140' title='bbox 423 1255 475 1308; x_wconf 81' lang='lat' dir='ltr'><strong>haec</strong></span> <span class='ocrx_word' id='word_1_141' title='bbox 491 1257 540 1309; x_wconf 87' lang='lat' dir='ltr'><strong>fine</strong></span> <span class='ocrx_word' id='word_1_142' title='bbox 556 1256 631 1308; x_wconf 89' lang='lat' dir='ltr'><strong>dubio</strong></span> <span class='ocrx_word' id='word_1_143' title='bbox 647 1258 670 1306; x_wconf 88' lang='lat' dir='ltr'><strong>in</strong></span> <span class='ocrx_word' id='word_1_144' title='bbox 684 1257 760 1323; x_wconf 85' lang='lat' dir='ltr'><strong>adyto</strong></span> <span class='ocrx_word' id='word_1_145' title='bbox 774 1257 813 1308; x_wconf 86' lang='lat' dir='ltr'><strong>fita</strong></span> <span class='ocrx_word' id='word_1_146' title='bbox 831 1265 886 1308; x_wconf 88' lang='lat' dir='ltr'><strong>erat.</strong></span> <span class='ocrx_word' id='word_1_147' title='bbox 921 1255 1013 1310; x_wconf 85' lang='lat' dir='ltr'><strong>Phrasse</strong></span> 
     </span>
    </p>
   </div>
   <div class='ocr_carea' id='block_1_5' title="bbox 97 1333 1011 1406">
    <p class='ocr_par' dir='ltr' id='par_1_5' title="bbox 97 1333 1011 1406">
     <span class='ocr_line' id='line_1_17' title="bbox 97 1333 1011 1406; baseline -0.001 -17"><span class='ocrx_word' id='word_1_148' title='bbox 97 1333 180 1389; x_wconf 54' lang='lat' dir='ltr'><strong>unua&amp;</strong></span> <span class='ocrx_word' id='word_1_149' title='bbox 193 1346 256 1388; x_wconf 65' lang='lat' dir='ltr'><strong>uun</strong></span> <span class='ocrx_word' id='word_1_150' title='bbox 271 1335 380 1401; x_wconf 81' lang='lat' dir='ltr'><strong>oppofita</strong></span> <span class='ocrx_word' id='word_1_151' title='bbox 399 1337 432 1387; x_wconf 86' lang='lat' dir='ltr'><strong>est</strong></span> <span class='ocrx_word' id='word_1_152' title='bbox 450 1334 536 1387; x_wconf 63' lang='lat' dir='ltr'><strong>nabab</strong></span> <span class='ocrx_word' id='word_1_153' title='bbox 550 1346 618 1406; x_wconf 57' lang='lat' dir='ltr'><strong>aluno</strong></span> <span class='ocrx_word' id='word_1_154' title='bbox 643 1335 673 1387; x_wconf 82' lang='lat' dir='ltr'><strong>At</strong></span> <span class='ocrx_word' id='word_1_155' title='bbox 686 1335 739 1387; x_wconf 82' lang='lat' dir='ltr'><strong>haec</strong></span> <span class='ocrx_word' id='word_1_156' title='bbox 753 1335 847 1388; x_wconf 91' lang='lat' dir='ltr'><strong>Locum</strong></span> <span class='ocrx_word' id='word_1_157' title='bbox 865 1339 1011 1389; x_wconf 76' lang='lat' dir='ltr'><strong>exteriorem</strong></span> 
     </span>
    </p>
   </div>
   <div class='ocr_carea' id='block_1_6' title="bbox 97 1410 1011 1479">
    <p class='ocr_par' dir='ltr' id='par_1_6' title="bbox 97 1410 1011 1479">
     <span class='ocr_line' id='line_1_18' title="bbox 97 1410 1011 1479; baseline 0.001 -15"><span class='ocrx_word' id='word_1_158' title='bbox 97 1410 191 1464; x_wconf 87' lang='lat' dir='ltr'><strong>ratione</strong></span> <span class='ocrx_word' id='word_1_159' title='bbox 209 1414 256 1463; x_wconf 86' lang='lat' dir='ltr'><strong>veli</strong></span> <span class='ocrx_word' id='word_1_160' title='bbox 273 1414 303 1462; x_wconf 89' lang='lat' dir='ltr'><strong>ad</strong></span> <span class='ocrx_word' id='word_1_161' title='bbox 322 1424 404 1465; x_wconf 78' lang='lat' dir='ltr'><strong>ornam</strong></span> <span class='ocrx_word' id='word_1_162' title='bbox 429 1413 563 1479; x_wconf 80' lang='lat' dir='ltr'><strong>fignificat,</strong></span> <span class='ocrx_word' id='word_1_163' title='bbox 584 1416 618 1464; x_wconf 91' lang='lat' dir='ltr'><strong>uti</strong></span> <span class='ocrx_word' id='word_1_164' title='bbox 634 1411 710 1464; x_wconf 77' lang='lat' dir='ltr'><strong>Exod</strong></span> <span class='ocrx_word' id='word_1_165' title='bbox 734 1411 829 1464; x_wconf 51' lang='lat' dir='ltr'><strong>XXVI¹</strong></span> <span class='ocrx_word' id='word_1_166' title='bbox 848 1427 884 1475; x_wconf 79' lang='lat'><strong>35..</strong></span> <span class='ocrx_word' id='word_1_167' title='bbox 909 1415 932 1465; x_wconf 78' lang='lat' dir='ltr'><strong>dc</strong></span> <span class='ocrx_word' id='word_1_168' title='bbox 944 1429 1011 1479; x_wconf 80' lang='lat' dir='ltr'><strong>pones</strong></span> 
     </span>
    </p>
   </div>
   <div class='ocr_carea' id='block_1_7' title="bbox 94 1470 1011 1814">
    <p class='ocr_par' dir='ltr' id='par_1_7' title="bbox 94 1470 1011 1814">
     <span class='ocr_line' id='line_1_19' title="bbox 96 1470 1011 1554; baseline 0.003 -16"><span class='ocrx_word' id='word_1_169' title='bbox 96 1490 184 1550; x_wconf 80' lang='lat' dir='ltr'><strong>trrrnsmu</strong></span> <span class='ocrx_word' id='word_1_170' title='bbox 209 1470 299 1539; x_wconf 38' lang='lat' dir='ltr'><strong>mm&amp;</strong></span> <span class='ocrx_word' id='word_1_171' title='bbox 321 1498 381 1554; x_wconf 67' lang='grc' dir='ltr'><strong>ΥῚΓΙῺ</strong></span> <span class='ocrx_word' id='word_1_172' title='bbox 402 1501 465 1537; x_wconf 83' lang='lat' dir='ltr'><strong>extra</strong></span> <span class='ocrx_word' id='word_1_173' title='bbox 483 1490 553 1537; x_wconf 70' lang='lat' dir='ltr'><strong>vetrana</strong></span> <span class='ocrx_word' id='word_1_174' title='bbox 569 1493 591 1537; x_wconf 67' lang='grc' dir='ltr'><strong>ἐκ</strong></span> <span class='ocrx_word' id='word_1_175' title='bbox 605 1489 682 1549; x_wconf 64' lang='lat' dir='ltr'><strong>ferleda.</strong></span> <span class='ocrx_word' id='word_1_176' title='bbox 717 1485 792 1538; x_wconf 76' lang='lat' dir='ltr'><strong>Conf-</strong></span> <span class='ocrx_word' id='word_1_177' title='bbox 810 1486 864 1539; x_wconf 80' lang='lat' dir='ltr'><strong>XL</strong></span> <span class='ocrx_word' id='word_1_178' title='bbox 877 1499 915 1539; x_wconf 78' lang='lat'><strong>22.</strong></span> <span class='ocrx_word' id='word_1_179' title='bbox 938 1490 962 1539; x_wconf 74' lang='lat' dir='ltr'><strong>dt</strong></span> <span class='ocrx_word' id='word_1_180' title='bbox 979 1490 1011 1542; x_wconf 76' lang='lat' dir='ltr'><strong>do</strong></span> 
     </span>
     <span class='ocr_line' id='line_1_20' title="bbox 96 1550 1010 1619; baseline 0.002 -15"><span class='ocrx_word' id='word_1_181' title='bbox 96 1552 250 1619; x_wconf 83' lang='lat' dir='ltr'><strong>Lychnucho</strong></span> <span class='ocrx_word' id='word_1_182' title='bbox 268 1554 295 1605; x_wconf 88' lang='lat' dir='ltr'><strong>C.</strong></span> <span class='ocrx_word' id='word_1_183' title='bbox 311 1552 419 1605; x_wconf 78' lang='lat' dir='ltr'><strong>XXVll„</strong></span> <span class='ocrx_word' id='word_1_184' title='bbox 432 1567 471 1604; x_wconf 88' lang='lat'><strong>21.</strong></span> <span class='ocrx_word' id='word_1_185' title='bbox 512 1553 618 1619; x_wconf 75' lang='lat' dir='ltr'><strong>Erguti</strong></span> <span class='ocrx_word' id='word_1_186' title='bbox 631 1550 793 1617; x_wconf 77' lang='lat' dir='ltr'><strong>oppositionis</strong></span> <span class='ocrx_word' id='word_1_187' title='bbox 810 1552 849 1605; x_wconf 89' lang='lat' dir='ltr'><strong>illa</strong></span> <span class='ocrx_word' id='word_1_188' title='bbox 870 1554 1010 1606; x_wconf 89' lang='lat' dir='ltr'><strong>interiorem</strong></span> 
     </span>
     <span class='ocr_line' id='line_1_21' title="bbox 95 1615 1008 1685; baseline 0.003 -17"><span class='ocrx_word' id='word_1_189' title='bbox 95 1619 172 1669; x_wconf 86' lang='lat' dir='ltr'><strong>versus</strong></span> <span class='ocrx_word' id='word_1_190' title='bbox 195 1620 306 1671; x_wconf 84' lang='lat' dir='ltr'><strong>occasum</strong></span> <span class='ocrx_word' id='word_1_191' title='bbox 321 1619 367 1668; x_wconf 82' lang='lat' dir='ltr'><strong>uid.</strong></span> <span class='ocrx_word' id='word_1_192' title='bbox 388 1618 465 1671; x_wconf 78' lang='lat' dir='ltr'><strong>Exod.</strong></span> <span class='ocrx_word' id='word_1_193' title='bbox 479 1617 566 1671; x_wconf 83' lang='lat' dir='ltr'>XXV.</span> <span class='ocrx_word' id='word_1_194' title='bbox 587 1633 623 1666; x_wconf 83' lang='lat'><strong>11.</strong></span> <span class='ocrx_word' id='word_1_195' title='bbox 647 1615 737 1682; x_wconf 83' lang='lat' dir='ltr'><strong>1.Reg.</strong></span> <span class='ocrx_word' id='word_1_196' title='bbox 759 1615 812 1670; x_wconf 86' lang='lat' dir='ltr'><strong>Vll.</strong></span> <span class='ocrx_word' id='word_1_197' title='bbox 827 1633 851 1677; x_wconf 85' lang='lat'><strong>9.</strong></span> <span class='ocrx_word' id='word_1_198' title='bbox 894 1619 1008 1685; x_wconf 80' lang='lat' dir='ltr'><strong>iusuper,</strong></span> 
     </span>
     <span class='ocr_line' id='line_1_22' title="bbox 94 1682 1009 1750; baseline 0.001 -15"><span class='ocrx_word' id='word_1_199' title='bbox 94 1686 157 1735; x_wconf 88' lang='lat' dir='ltr'><strong>utin</strong></span> <span class='ocrx_word' id='word_1_200' title='bbox 173 1684 231 1735; x_wconf 89' lang='lat' dir='ltr'><strong>loco</strong></span> <span class='ocrx_word' id='word_1_201' title='bbox 247 1684 417 1750; x_wconf 85' lang='lat' dir='ltr'><strong>cognoscendo</strong></span> <span class='ocrx_word' id='word_1_202' title='bbox 434 1683 557 1735; x_wconf 71' lang='lat' dir='ltr'><strong>certissimi</strong></span> <span class='ocrx_word' id='word_1_203' title='bbox 570 1683 660 1740; x_wconf 75' lang='lat' dir='ltr'><strong>frutus,</strong></span> <span class='ocrx_word' id='word_1_204' title='bbox 678 1682 848 1748; x_wconf 77' lang='lat' dir='ltr'><strong>explicationis</strong></span> <span class='ocrx_word' id='word_1_205' title='bbox 861 1685 934 1749; x_wconf 82' lang='lat' dir='ltr'><strong>gratia</strong></span> <span class='ocrx_word' id='word_1_206' title='bbox 949 1701 1009 1749; x_wconf 89' lang='lat' dir='ltr'><strong>por-</strong></span> 
     </span>
     <span class='ocr_line' id='line_1_23' title="bbox 94 1749 1008 1814; baseline 0.001 -14"><span class='ocrx_word' id='word_1_207' title='bbox 94 1764 121 1800; x_wconf 87' lang='lat' dir='ltr'><strong>ro</strong></span> <span class='ocrx_word' id='word_1_208' title='bbox 132 1749 229 1801; x_wconf 86' lang='lat' dir='ltr'><strong>additur</strong></span> <span class='ocrx_word' id='word_1_209' title='bbox 243 1752 314 1810; x_wconf 53' lang='lat' dir='ltr'><strong>aerim</strong></span> <span class='ocrx_word' id='word_1_210' title='bbox 320 1752 397 1814; x_wconf 78' lang='lat' dir='ltr'><strong>faeiem</strong></span> <span class='ocrx_word' id='word_1_211' title='bbox 408 1751 501 1812; x_wconf 78' lang='lat' dir='ltr'><strong>operculi</strong></span> <span class='ocrx_word' id='word_1_212' title='bbox 513 1754 677 1813; x_wconf 79' lang='lat' dir='ltr'><strong>propitiatorii,</strong></span> <span class='ocrx_word' id='word_1_213' title='bbox 696 1749 756 1811; x_wconf 74' lang='lat' dir='ltr'><strong>quod</strong></span> <span class='ocrx_word' id='word_1_214' title='bbox 766 1749 908 1813; x_wconf 48' lang='lat' dir='ltr'><strong>famare-Area.</strong></span> <span class='ocrx_word' id='word_1_215' title='bbox 944 1751 1008 1812; x_wconf 84' lang='lat' dir='ltr'><strong>Quis</strong></span> 
     </span>
    </p>
   </div>
   <div class='ocr_carea' id='block_1_8' title="bbox 16 1811 1004 1877">
    <p class='ocr_par' dir='ltr' id='par_1_8' title="bbox 16 1811 1004 1877">
     <span class='ocr_line' id='line_1_24' title="bbox 16 1811 1004 1877; baseline 0.004 -14"><span class='ocrx_word' id='word_1_216' title='bbox 16 1827 18 1832; x_wconf 78' lang='grc'><em>’</em></span> <span class='ocrx_word' id='word_1_217' title='bbox 93 1829 157 1871; x_wconf 81' lang='lat' dir='ltr'><strong>vero,</strong></span> <span class='ocrx_word' id='word_1_218' title='bbox 173 1815 248 1865; x_wconf 90' lang='lat' dir='ltr'><strong>bodie</strong></span> <span class='ocrx_word' id='word_1_219' title='bbox 263 1815 350 1874; x_wconf 78' lang='lat' dir='ltr'><strong>saltem</strong></span> <span class='ocrx_word' id='word_1_220' title='bbox 362 1813 434 1866; x_wconf 84' lang='lat' dir='ltr'><strong>nescit</strong></span> <span class='ocrx_word' id='word_1_221' title='bbox 446 1815 532 1865; x_wconf 90' lang='lat' dir='ltr'><strong>locum</strong></span> <span class='ocrx_word' id='word_1_222' title='bbox 545 1817 612 1865; x_wconf 84' lang='lat' dir='ltr'><strong>Areae</strong></span> <span class='ocrx_word' id='word_1_223' title='bbox 623 1815 647 1863; x_wconf 88' lang='lat' dir='ltr'><strong>in</strong></span> <span class='ocrx_word' id='word_1_224' title='bbox 658 1811 805 1877; x_wconf 70' lang='lat' dir='ltr'><strong>Santlilfimo</strong></span> <span class='ocrx_word' id='word_1_225' title='bbox 819 1812 894 1865; x_wconf 76' lang='lat' dir='ltr'><strong>Enod.</strong></span> <span class='ocrx_word' id='word_1_226' title='bbox 906 1814 1004 1867; x_wconf 85' lang='lat' dir='ltr'>XXVI.</span> 
     </span>
    </p>
   </div>
   <div class='ocr_carea' id='block_1_9' title="bbox 86 1877 1006 2728">
    <p class='ocr_par' dir='ltr' id='par_1_9' title="bbox 86 1877 1006 2728">
     <span class='ocr_line' id='line_1_25' title="bbox 95 1877 1005 1944; baseline 0 -13"><span class='ocrx_word' id='word_1_227' title='bbox 95 1892 130 1938; x_wconf 83' lang='lat'><strong>33.</strong></span> <span class='ocrx_word' id='word_1_228' title='bbox 149 1878 204 1931; x_wconf 89' lang='lat' dir='ltr'><strong>XL.</strong></span> <span class='ocrx_word' id='word_1_229' title='bbox 222 1877 245 1939; x_wconf 57' lang='lat'><strong>3(</strong></span> <span class='ocrx_word' id='word_1_230' title='bbox 264 1880 336 1930; x_wconf 87' lang='lat' dir='ltr'><strong>Hebr.</strong></span> <span class='ocrx_word' id='word_1_231' title='bbox 354 1879 432 1942; x_wconf 60' lang='lat' dir='ltr'><strong>an</strong></span> <span class='ocrx_word' id='word_1_232' title='bbox 465 1880 574 1942; x_wconf 81' lang='lat' dir='ltr'><strong>Quando</strong></span> <span class='ocrx_word' id='word_1_233' title='bbox 586 1888 703 1929; x_wconf 88' lang='lat' dir='ltr'><strong>memorat</strong></span> <span class='ocrx_word' id='word_1_234' title='bbox 718 1886 753 1930; x_wconf 70' lang='lat' dir='ltr'><strong>’ab</strong></span> <span class='ocrx_word' id='word_1_235' title='bbox 762 1881 839 1942; x_wconf 72' lang='lat' dir='ltr'><strong>faciem</strong></span> <span class='ocrx_word' id='word_1_236' title='bbox 852 1882 941 1944; x_wconf 76' lang='lat' dir='ltr'><strong>operculi</strong></span> <span class='ocrx_word' id='word_1_237' title='bbox 957 1882 1005 1931; x_wconf 82' lang='lat' dir='ltr'><strong>&amp;c</strong></span> 
     </span>
     <span class='ocr_line' id='line_1_26' title="bbox 91 1943 1006 2009; baseline 0.002 -13"><span class='ocrx_word' id='word_1_238' title='bbox 91 1944 187 1996; x_wconf 88' lang='lat' dir='ltr'><strong>Locum</strong></span> <span class='ocrx_word' id='word_1_239' title='bbox 202 1947 227 1995; x_wconf 89' lang='lat' dir='ltr'><strong>in</strong></span> <span class='ocrx_word' id='word_1_240' title='bbox 239 1945 383 1996; x_wconf 68' lang='lat' dir='ltr'><strong>Sanitilllmo</strong></span> <span class='ocrx_word' id='word_1_241' title='bbox 398 1945 522 2009; x_wconf 79' lang='lat' dir='ltr'><strong>specialius</strong></span> <span class='ocrx_word' id='word_1_242' title='bbox 537 1945 684 1996; x_wconf 76' lang='lat' dir='ltr'><strong>determinat</strong></span> <span class='ocrx_word' id='word_1_243' title='bbox 736 1943 796 1995; x_wconf 91' lang='lat' dir='ltr'><strong>Non</strong></span> <span class='ocrx_word' id='word_1_244' title='bbox 811 1946 873 1994; x_wconf 89' lang='lat' dir='ltr'><strong>enim</strong></span> <span class='ocrx_word' id='word_1_245' title='bbox 892 1944 1006 1997; x_wconf 86' lang='lat' dir='ltr'><strong>Pontifex</strong></span> 
     </span>
     <span class='ocr_line' id='line_1_27' title="bbox 92 2008 1004 2076; baseline 0.002 -17"><span class='ocrx_word' id='word_1_246' title='bbox 92 2013 308 2076; x_wconf 73' lang='lat' dir='ltr'><strong>utiquamcopiam</strong></span> <span class='ocrx_word' id='word_1_247' title='bbox 322 2010 435 2060; x_wconf 75' lang='lat' dir='ltr'><strong>habuerat</strong></span> <span class='ocrx_word' id='word_1_248' title='bbox 450 2011 479 2060; x_wconf 89' lang='lat' dir='ltr'><strong>ad</strong></span> <span class='ocrx_word' id='word_1_249' title='bbox 488 2010 576 2067; x_wconf 84' lang='lat' dir='ltr'><strong>latera,</strong></span> <span class='ocrx_word' id='word_1_250' title='bbox 594 2009 671 2059; x_wconf 90' lang='lat' dir='ltr'><strong>multo</strong></span> <span class='ocrx_word' id='word_1_251' title='bbox 686 2008 767 2058; x_wconf 77' lang='lat' dir='ltr'><strong>tatinus</strong></span> <span class='ocrx_word' id='word_1_252' title='bbox 780 2008 809 2058; x_wconf 85' lang='lat' dir='ltr'><strong>ad</strong></span> <span class='ocrx_word' id='word_1_253' title='bbox 821 2018 915 2074; x_wconf 84' lang='lat' dir='ltr'><strong>tergum</strong></span> <span class='ocrx_word' id='word_1_254' title='bbox 931 2027 1004 2075; x_wconf 84' lang='lat' dir='ltr'><strong>oper-</strong></span> 
     </span>
     <span class='ocr_line' id='line_1_28' title="bbox 91 2074 1001 2138; baseline 0.001 -13"><span class='ocrx_word' id='word_1_255' title='bbox 91 2075 137 2125; x_wconf 88' lang='lat' dir='ltr'><strong>culi</strong></span> <span class='ocrx_word' id='word_1_256' title='bbox 150 2076 226 2125; x_wconf 82' lang='lat' dir='ltr'><strong>llaradi</strong></span> <span class='ocrx_word' id='word_1_257' title='bbox 242 2113 248 2132; x_wconf 83' lang='lat'><strong>,</strong></span> <span class='ocrx_word' id='word_1_258' title='bbox 267 2091 317 2126; x_wconf 87' lang='lat' dir='ltr'><strong>non</strong></span> <span class='ocrx_word' id='word_1_259' title='bbox 333 2074 373 2124; x_wconf 87' lang='lat' dir='ltr'><strong>uifi</strong></span> <span class='ocrx_word' id='word_1_260' title='bbox 387 2075 416 2125; x_wconf 86' lang='lat' dir='ltr'><strong>ad</strong></span> <span class='ocrx_word' id='word_1_261' title='bbox 429 2085 522 2138; x_wconf 85' lang='lat' dir='ltr'><strong>partem</strong></span> <span class='ocrx_word' id='word_1_262' title='bbox 544 2075 593 2137; x_wconf 85' lang='lat' dir='ltr'><strong>ejus</strong></span> <span class='ocrx_word' id='word_1_263' title='bbox 612 2075 780 2131; x_wconf 83' lang='lat' dir='ltr'><strong>anteriorem,</strong></span> <span class='ocrx_word' id='word_1_264' title='bbox 798 2074 837 2124; x_wconf 83' lang='lat' dir='ltr'><strong>vel</strong></span> <span class='ocrx_word' id='word_1_265' title='bbox 852 2076 1001 2126; x_wconf 73' lang='lat' dir='ltr'><strong>orientalem.</strong></span> 
     </span>
     <span class='ocr_line' id='line_1_29' title="bbox 90 2139 1003 2205; baseline 0 -14"><span class='ocrx_word' id='word_1_266' title='bbox 90 2140 151 2191; x_wconf 76' lang='lat' dir='ltr'><strong>Alias</strong></span> <span class='ocrx_word' id='word_1_267' title='bbox 172 2140 290 2205; x_wconf 85' lang='lat' dir='ltr'><strong>peecallet</strong></span> <span class='ocrx_word' id='word_1_268' title='bbox 317 2149 400 2190; x_wconf 86' lang='lat' dir='ltr'><strong>contra</strong></span> <span class='ocrx_word' id='word_1_269' title='bbox 423 2141 582 2196; x_wconf 83' lang='lat' dir='ltr'><strong>reverentiam</strong></span> <span class='ocrx_word' id='word_1_270' title='bbox 605 2139 698 2188; x_wconf 81' lang='lat' dir='ltr'><strong>raunaini</strong></span> <span class='ocrx_word' id='word_1_271' title='bbox 724 2139 836 2189; x_wconf 87' lang='lat' dir='ltr'><strong>debitam.</strong></span> <span class='ocrx_word' id='word_1_272' title='bbox 887 2139 1003 2192; x_wconf 82' lang='lat' dir='ltr'><strong>Rationes</strong></span> 
     </span>
     <span class='ocr_line' id='line_1_30' title="bbox 90 2204 1003 2276; baseline 0.003 -22"><span class='ocrx_word' id='word_1_273' title='bbox 90 2205 153 2255; x_wconf 89' lang='lat' dir='ltr'><strong>idem</strong></span> <span class='ocrx_word' id='word_1_274' title='bbox 166 2208 290 2257; x_wconf 89' lang='lat' dir='ltr'><strong>evidenter</strong></span> <span class='ocrx_word' id='word_1_275' title='bbox 305 2204 399 2256; x_wconf 85' lang='lat' dir='ltr'><strong>docent.</strong></span> <span class='ocrx_word' id='word_1_276' title='bbox 433 2204 482 2254; x_wconf 89' lang='lat' dir='ltr'><strong>Vel</strong></span> <span class='ocrx_word' id='word_1_277' title='bbox 497 2204 554 2270; x_wconf 82' lang='lat' dir='ltr'><strong>quid</strong></span> <span class='ocrx_word' id='word_1_278' title='bbox 569 2204 608 2254; x_wconf 87' lang='lat' dir='ltr'><strong>hie</strong></span> <span class='ocrx_word' id='word_1_279' title='bbox 622 2213 692 2276; x_wconf 60' lang='lat' dir='ltr'><strong>baeu</strong></span> <span class='ocrx_word' id='word_1_280' title='bbox 701 2205 814 2265; x_wconf 71' lang='lat' dir='ltr'><strong>santiam,</strong></span> <span class='ocrx_word' id='word_1_281' title='bbox 829 2206 852 2255; x_wconf 88' lang='lat' dir='ltr'><strong>iu</strong></span> <span class='ocrx_word' id='word_1_282' title='bbox 865 2205 1003 2271; x_wconf 83' lang='lat' dir='ltr'><strong>quodrlha·</strong></span> 
     </span>
     <span class='ocr_line' id='line_1_31' title="bbox 89 2268 1003 2336; baseline 0.002 -16"><span class='ocrx_word' id='word_1_283' title='bbox 89 2286 134 2321; x_wconf 86' lang='lat' dir='ltr'><strong>ron</strong></span> <span class='ocrx_word' id='word_1_284' title='bbox 148 2275 219 2321; x_wconf 89' lang='lat' dir='ltr'><strong>omni</strong></span> <span class='ocrx_word' id='word_1_285' title='bbox 234 2283 344 2336; x_wconf 90' lang='lat' dir='ltr'><strong>tempore</strong></span> <span class='ocrx_word' id='word_1_286' title='bbox 358 2269 511 2335; x_wconf 84' lang='lat' dir='ltr'><strong>ingrediendi</strong></span> <span class='ocrx_word' id='word_1_287' title='bbox 526 2271 646 2321; x_wconf 86' lang='lat' dir='ltr'><strong>licentiam</strong></span> <span class='ocrx_word' id='word_1_288' title='bbox 660 2285 713 2320; x_wconf 90' lang='lat' dir='ltr'><strong>uon</strong></span> <span class='ocrx_word' id='word_1_289' title='bbox 728 2269 811 2327; x_wconf 88' lang='lat' dir='ltr'><strong>habet,</strong></span> <span class='ocrx_word' id='word_1_290' title='bbox 830 2268 869 2320; x_wconf 86' lang='lat' dir='ltr'><strong>sed</strong></span> <span class='ocrx_word' id='word_1_291' title='bbox 889 2288 936 2332; x_wconf 83' lang='lat' dir='ltr'><strong>una</strong></span> <span class='ocrx_word' id='word_1_292' title='bbox 949 2281 1003 2322; x_wconf 85' lang='lat' dir='ltr'><strong>tan-</strong></span> 
     </span>
     <span class='ocr_line' id='line_1_32' title="bbox 89 2333 1002 2401; baseline 0.001 -15"><span class='ocrx_word' id='word_1_293' title='bbox 89 2345 140 2386; x_wconf 92' lang='lat' dir='ltr'><strong>tum</strong></span> <span class='ocrx_word' id='word_1_294' title='bbox 156 2336 196 2386; x_wconf 91' lang='lat' dir='ltr'><strong>die</strong></span> <span class='ocrx_word' id='word_1_295' title='bbox 213 2339 237 2386; x_wconf 89' lang='lat' dir='ltr'><strong>iu</strong></span> <span class='ocrx_word' id='word_1_296' title='bbox 252 2353 316 2387; x_wconf 88' lang='lat' dir='ltr'><strong>anuo</strong></span> <span class='ocrx_word' id='word_1_297' title='bbox 334 2352 355 2387; x_wconf 85' lang='lat' dir='ltr'><strong>v.</strong></span> <span class='ocrx_word' id='word_1_298' title='bbox 367 2350 403 2396; x_wconf 81' lang='lat'><strong>33.</strong></span> <span class='ocrx_word' id='word_1_299' title='bbox 421 2344 511 2393; x_wconf 82' lang='lat' dir='ltr'><strong>notat,</strong></span> <span class='ocrx_word' id='word_1_300' title='bbox 530 2351 559 2387; x_wconf 87' lang='lat' dir='ltr'><strong>an</strong></span> <span class='ocrx_word' id='word_1_301' title='bbox 573 2334 679 2386; x_wconf 80' lang='lat' dir='ltr'><strong>atrium?</strong></span> <span class='ocrx_word' id='word_1_302' title='bbox 701 2333 761 2386; x_wconf 87' lang='lat' dir='ltr'><strong>Non</strong></span> <span class='ocrx_word' id='word_1_303' title='bbox 777 2346 837 2401; x_wconf 86' lang='lat' dir='ltr'><strong>puto</strong></span> <span class='ocrx_word' id='word_1_304' title='bbox 853 2336 900 2387; x_wconf 90' lang='lat' dir='ltr'><strong>boc</strong></span> <span class='ocrx_word' id='word_1_305' title='bbox 916 2337 958 2387; x_wconf 94' lang='lat' dir='ltr'><strong>ulli</strong></span> <span class='ocrx_word' id='word_1_306' title='bbox 976 2338 1002 2388; x_wconf 89' lang='lat' dir='ltr'><strong>in</strong></span> 
     </span>
     <span class='ocr_line' id='line_1_33' title="bbox 87 2399 1001 2467; baseline 0.004 -18"><span class='ocrx_word' id='word_1_307' title='bbox 87 2410 194 2451; x_wconf 86' lang='lat' dir='ltr'><strong>mentem</strong></span> <span class='ocrx_word' id='word_1_308' title='bbox 208 2412 344 2453; x_wconf 88' lang='lat' dir='ltr'><strong>venturum.</strong></span> <span class='ocrx_word' id='word_1_309' title='bbox 379 2403 415 2452; x_wconf 73' lang='lat' dir='ltr'><strong>lin</strong></span> <span class='ocrx_word' id='word_1_310' title='bbox 427 2400 555 2458; x_wconf 70' lang='lat' dir='ltr'><strong>Sentium,</strong></span> <span class='ocrx_word' id='word_1_311' title='bbox 574 2401 660 2466; x_wconf 89' lang='lat' dir='ltr'><strong>inquo</strong></span> <span class='ocrx_word' id='word_1_312' title='bbox 680 2400 774 2458; x_wconf 86' lang='lat' dir='ltr'><strong>mensa,</strong></span> <span class='ocrx_word' id='word_1_313' title='bbox 793 2399 955 2467; x_wconf 81' lang='lat' dir='ltr'><strong>Lychuuclaus</strong></span> <span class='ocrx_word' id='word_1_314' title='bbox 975 2404 1001 2452; x_wconf 79' lang='lat' dir='ltr'><strong>dc</strong></span> 
     </span>
     <span class='ocr_line' id='line_1_34' title="bbox 86 2465 1000 2533; baseline 0.002 -17"><span class='ocrx_word' id='word_1_315' title='bbox 86 2465 165 2516; x_wconf 75' lang='lat' dir='ltr'><strong>abitare</strong></span> <span class='ocrx_word' id='word_1_316' title='bbox 177 2466 268 2517; x_wconf 85' lang='lat' dir='ltr'><strong>suffitus</strong></span> <span class='ocrx_word' id='word_1_317' title='bbox 282 2466 292 2515; x_wconf 76' lang='lat' dir='ltr'><strong>i</strong></span> <span class='ocrx_word' id='word_1_318' title='bbox 314 2466 367 2517; x_wconf 88' lang='lat' dir='ltr'><strong>Nec</strong></span> <span class='ocrx_word' id='word_1_319' title='bbox 383 2468 430 2517; x_wconf 89' lang='lat' dir='ltr'><strong>hoc</strong></span> <span class='ocrx_word' id='word_1_320' title='bbox 445 2467 493 2517; x_wconf 91' lang='lat' dir='ltr'><strong>dici</strong></span> <span class='ocrx_word' id='word_1_321' title='bbox 508 2466 598 2532; x_wconf 81' lang='lat' dir='ltr'><strong>potest¹</strong></span> <span class='ocrx_word' id='word_1_322' title='bbox 614 2467 701 2516; x_wconf 89' lang='lat' dir='ltr'><strong>etenim</strong></span> <span class='ocrx_word' id='word_1_323' title='bbox 720 2466 826 2517; x_wconf 73' lang='lat' dir='ltr'><strong>lutatium</strong></span> <span class='ocrx_word' id='word_1_324' title='bbox 838 2466 881 2532; x_wconf 78' lang='lat' dir='ltr'><strong>ipsa</strong></span> <span class='ocrx_word' id='word_1_325' title='bbox 894 2469 1000 2533; x_wconf 83' lang='lat' dir='ltr'><strong>gregarii</strong></span> 
     </span>
     <span class='ocr_line' id='line_1_35' title="bbox 87 2529 998 2597; baseline 0.002 -16"><span class='ocrx_word' id='word_1_326' title='bbox 87 2531 228 2582; x_wconf 85' lang='lat' dir='ltr'><strong>Sacerdotes</strong></span> <span class='ocrx_word' id='word_1_327' title='bbox 244 2531 340 2597; x_wconf 77' lang='lat' dir='ltr'><strong>fiaagulis</strong></span> <span class='ocrx_word' id='word_1_328' title='bbox 355 2532 437 2583; x_wconf 90' lang='lat' dir='ltr'><strong>diebus</strong></span> <span class='ocrx_word' id='word_1_329' title='bbox 451 2533 488 2583; x_wconf 90' lang='lat' dir='ltr'><strong>bis</strong></span> <span class='ocrx_word' id='word_1_330' title='bbox 501 2531 530 2582; x_wconf 89' lang='lat' dir='ltr'><strong>ad</strong></span> <span class='ocrx_word' id='word_1_331' title='bbox 545 2531 698 2589; x_wconf 75' lang='lat' dir='ltr'><strong>sumendum,</strong></span> <span class='ocrx_word' id='word_1_332' title='bbox 714 2529 836 2582; x_wconf 84' lang='lat' dir='ltr'><strong>Lucernas</strong></span> <span class='ocrx_word' id='word_1_333' title='bbox 850 2534 998 2596; x_wconf 83' lang='lat' dir='ltr'><strong>aptandum,</strong></span> 
     </span>
     <span class='ocr_line' id='line_1_36' title="bbox 87 2596 998 2664; baseline 0.002 -18"><span class='ocrx_word' id='word_1_334' title='bbox 87 2598 110 2645; x_wconf 68' lang='grc' dir='ltr'>ἃ</span> <span class='ocrx_word' id='word_1_335' title='bbox 128 2597 200 2647; x_wconf 89' lang='lat' dir='ltr'><strong>semel</strong></span> <span class='ocrx_word' id='word_1_336' title='bbox 220 2597 403 2654; x_wconf 73' lang='lat' dir='ltr'><strong>hebdomatam,</strong></span> <span class='ocrx_word' id='word_1_337' title='bbox 421 2598 450 2648; x_wconf 87' lang='lat' dir='ltr'><strong>ad</strong></span> <span class='ocrx_word' id='word_1_338' title='bbox 469 2613 542 2663; x_wconf 81' lang='lat' dir='ltr'><strong>patres</strong></span> <span class='ocrx_word' id='word_1_339' title='bbox 560 2596 674 2647; x_wconf 80' lang='lat' dir='ltr'><strong>inmensa</strong></span> <span class='ocrx_word' id='word_1_340' title='bbox 691 2597 853 2647; x_wconf 87' lang='lat' dir='ltr'><strong>removendos</strong></span> <span class='ocrx_word' id='word_1_341' title='bbox 868 2600 998 2664; x_wconf 88' lang='lat' dir='ltr'><strong>imponen-</strong></span> 
     </span>
     <span class='ocr_line' id='line_1_37' title="bbox 86 2661 997 2728; baseline 0.001 -17"><span class='ocrx_word' id='word_1_342' title='bbox 86 2661 199 2728; x_wconf 84' lang='lat' dir='ltr'><strong>dusque,</strong></span> <span class='ocrx_word' id='word_1_343' title='bbox 216 2666 339 2714; x_wconf 81' lang='lat' dir='ltr'><strong>lutrarum.</strong></span> <span class='ocrx_word' id='word_1_344' title='bbox 393 2662 459 2727; x_wconf 83' lang='lat' dir='ltr'><strong>Ergo</strong></span> <span class='ocrx_word' id='word_1_345' title='bbox 479 2673 572 2714; x_wconf 90' lang='lat' dir='ltr'><strong>certum</strong></span> <span class='ocrx_word' id='word_1_346' title='bbox 591 2663 623 2713; x_wconf 89' lang='lat' dir='ltr'><strong>est</strong></span> <span class='ocrx_word' id='word_1_347' title='bbox 638 2668 716 2711; x_wconf 75' lang='lat' dir='ltr'><strong>Laura</strong></span> <span class='ocrx_word' id='word_1_348' title='bbox 732 2662 902 2723; x_wconf 75' lang='lat' dir='ltr'><strong>Santliffimmu,</strong></span> <span class='ocrx_word' id='word_1_349' title='bbox 921 2679 997 2728; x_wconf 85' lang='lat' dir='ltr'><strong>quem</strong></span> 
     </span>
    </p>
   </div>
   <div class='ocr_carea' id='block_1_10' title="bbox 84 2724 996 2859">
    <p class='ocr_par' dir='ltr' id='par_1_10' title="bbox 84 2724 996 2859">
     <span class='ocr_line' id='line_1_38' title="bbox 84 2724 996 2859; baseline 0.001 -81"><span class='ocrx_word' id='word_1_350' title='bbox 84 2724 160 2792; x_wconf 83' lang='lat' dir='ltr'><strong>Judaei</strong></span> <span class='ocrx_word' id='word_1_351' title='bbox 174 2734 289 2800; x_wconf 59' lang='lat' dir='ltr'><strong>matroon</strong></span> <span class='ocrx_word' id='word_1_352' title='bbox 303 2730 355 2797; x_wconf 68' lang='lat' dir='ltr'><strong>dap</strong></span> <span class='ocrx_word' id='word_1_353' title='bbox 369 2729 499 2796; x_wconf 82' lang='lat' dir='ltr'><strong>appellant,</strong></span> <span class='ocrx_word' id='word_1_354' title='bbox 508 2727 690 2794; x_wconf 87' lang='lat' dir='ltr'><strong>intelligendum</strong></span> <span class='ocrx_word' id='word_1_355' title='bbox 705 2726 758 2780; x_wconf 66' lang='lat' dir='ltr'><strong>ellee</strong></span> <span class='ocrx_word' id='word_1_356' title='bbox 781 2727 873 2780; x_wconf 89' lang='lat' dir='ltr'><strong>Ultimo</strong></span> <span class='ocrx_word' id='word_1_357' title='bbox 886 2728 996 2859; x_wconf 48' lang='lat' dir='ltr'><strong>hafflig:</strong></span> 
     </span>
    </p>
   </div>
   <div class='ocr_carea' id='block_1_11' title="bbox 0 0 1194 3134">
    <p class='ocr_par' dir='ltr' id='par_1_11' title="bbox 0 0 1194 3134">
     <span class='ocr_line' id='line_1_39' title="bbox 0 0 1194 3134; baseline 0 11"><span class='ocrx_word' id='word_1_358' title='bbox 0 0 1194 3134; x_wconf 95' lang='lat' dir='ltr'><strong> </strong></span> 
     </span>
    </p>
   </div>
  </div>
 </body>
</html>
