<?xml version="1.0" encoding="UTF-8"?>
<!DOCTYPE html PUBLIC "-//W3C//DTD XHTML 1.0 Transitional//EN"
    "http://www.w3.org/TR/xhtml1/DTD/xhtml1-transitional.dtd">
<html xmlns="http://www.w3.org/1999/xhtml" xml:lang="en" lang="en">
 <head>
  <title>
</title>
<meta http-equiv="Content-Type" content="text/html;charset=utf-8" />
  <meta name='ocr-system' content='tesseract 3.04.00' />
  <meta name='ocr-capabilities' content='ocr_page ocr_carea ocr_par ocr_line ocrx_word'/>
</head>
<body>
  <div class='ocr_page' id='page_1' title='image "./MN40369ucmf_0/MN40369ucmf_0_0420.png"; bbox 0 0 2297 3134; ppageno 0'>
   <div class='ocr_carea' id='block_1_1' title="bbox 199 255 734 335">
    <p class='ocr_par' dir='ltr' id='par_1_1' title="bbox 199 255 734 335">
     <span class='ocr_line' id='line_1_1' title="bbox 199 255 734 335; baseline -0.004 -22"><span class='ocrx_word' id='word_1_1' title='bbox 199 271 252 335; x_wconf 67' lang='lat'><strong>353</strong></span> <span class='ocrx_word' id='word_1_2' title='bbox 585 255 734 334; x_wconf 73' lang='lat' dir='ltr'><strong>Mpderr&#39;um</strong></span> 
     </span>
    </p>
   </div>
   <div class='ocr_carea' id='block_1_2' title="bbox 197 364 1108 1310">
    <p class='ocr_par' dir='ltr' id='par_1_2' title="bbox 198 364 1108 1018">
     <span class='ocr_line' id='line_1_2' title="bbox 263 364 1108 434; baseline -0.009 -14"><span class='ocrx_word' id='word_1_3' title='bbox 263 369 287 429; x_wconf 65' lang='lat'><strong>§-</strong></span> <span class='ocrx_word' id='word_1_4' title='bbox 306 381 358 432; x_wconf 78' lang='lat'>593.</span> <span class='ocrx_word' id='word_1_5' title='bbox 374 367 479 420; x_wconf 77' lang='lat' dir='ltr'><strong>Decimo</strong></span> <span class='ocrx_word' id='word_1_6' title='bbox 495 364 561 415; x_wconf 77' lang='lat' dir='ltr'><strong>sexto</strong></span> <span class='ocrx_word' id='word_1_7' title='bbox 580 380 585 415; x_wconf 71' lang='grc' dir='ltr'><em>τ</em></span> <span class='ocrx_word' id='word_1_8' title='bbox 608 371 707 430; x_wconf 71' lang='lat' dir='ltr'><strong>erunnm</strong></span> <span class='ocrx_word' id='word_1_9' title='bbox 726 364 814 416; x_wconf 73' lang='lat' dir='ltr'><strong>dsauure</strong></span> <span class='ocrx_word' id='word_1_10' title='bbox 833 367 961 426; x_wconf 68' lang='lat' dir='ltr'><strong>nrauuunml</strong></span> <span class='ocrx_word' id='word_1_11' title='bbox 976 368 1108 434; x_wconf 77' lang='lat' dir='ltr'><strong>curtrprehen.</strong></span> 
     </span>
     <span class='ocr_line' id='line_1_3' title="bbox 198 432 1107 494; baseline -0.003 -7"><span class='ocrx_word' id='word_1_12' title='bbox 198 436 267 487; x_wconf 79' lang='lat' dir='ltr'><strong>datur</strong></span> <span class='ocrx_word' id='word_1_13' title='bbox 281 433 338 484; x_wconf 82' lang='lat' dir='ltr'><strong>birro</strong></span> <span class='ocrx_word' id='word_1_14' title='bbox 348 436 435 484; x_wconf 67' lang='lat' dir='ltr'><strong>tiresiam</strong></span> <span class='ocrx_word' id='word_1_15' title='bbox 447 470 453 489; x_wconf 85' lang='lat'><em>‚</em></span> <span class='ocrx_word' id='word_1_16' title='bbox 466 432 567 494; x_wconf 77' lang='lat' dir='ltr'><strong>fhnguinr</strong></span> <span class='ocrx_word' id='word_1_17' title='bbox 580 433 622 490; x_wconf 75' lang='lat' dir='ltr'><strong>ejus</strong></span> <span class='ocrx_word' id='word_1_18' title='bbox 634 437 655 479; x_wconf 83' lang='lat' dir='ltr'><strong>iu</strong></span> <span class='ocrx_word' id='word_1_19' title='bbox 667 433 814 493; x_wconf 62' lang='lat' dir='ltr'><strong>sfrridffmnnz</strong></span> <span class='ocrx_word' id='word_1_20' title='bbox 831 434 890 482; x_wconf 81' lang='lat' dir='ltr'><strong>illato</strong></span> <span class='ocrx_word' id='word_1_21' title='bbox 905 433 936 492; x_wconf 56' lang='grc' dir='ltr'><strong>ἓξ,</strong></span> <span class='ocrx_word' id='word_1_22' title='bbox 949 435 1050 485; x_wconf 75' lang='lat' dir='ltr'><strong>cadauere</strong></span> <span class='ocrx_word' id='word_1_23' title='bbox 1065 437 1107 494; x_wconf 82' lang='lat' dir='ltr'><strong>ejus</strong></span> 
     </span>
     <span class='ocr_line' id='line_1_4' title="bbox 199 495 1104 564; baseline -0.002 -13"><span class='ocrx_word' id='word_1_24' title='bbox 199 516 262 552; x_wconf 75' lang='lat' dir='ltr'><strong>extra</strong></span> <span class='ocrx_word' id='word_1_25' title='bbox 274 505 337 564; x_wconf 67' lang='lat' dir='ltr'><strong>cuplae</strong></span> <span class='ocrx_word' id='word_1_26' title='bbox 352 500 478 556; x_wconf 73' lang='lat' dir='ltr'><strong>corritudo?</strong></span> <span class='ocrx_word' id='word_1_27' title='bbox 497 496 563 561; x_wconf 76' lang='lat' dir='ltr'><strong>Resp.</strong></span> <span class='ocrx_word' id='word_1_28' title='bbox 583 496 651 547; x_wconf 78' lang='lat' dir='ltr'><strong>mon</strong></span> <span class='ocrx_word' id='word_1_29' title='bbox 664 495 717 562; x_wconf 86' lang='lat' dir='ltr'><strong>Jesu</strong></span> <span class='ocrx_word' id='word_1_30' title='bbox 732 498 817 549; x_wconf 75' lang='lat' dir='ltr'><strong>Cturtri</strong></span> <span class='ocrx_word' id='word_1_31' title='bbox 831 507 927 562; x_wconf 84' lang='lat' dir='ltr'><strong>peccata</strong></span> <span class='ocrx_word' id='word_1_32' title='bbox 946 501 1024 561; x_wconf 82' lang='lat' dir='ltr'><strong>torius</strong></span> <span class='ocrx_word' id='word_1_33' title='bbox 1035 515 1104 549; x_wconf 84' lang='lat' dir='ltr'><strong>mun-</strong></span> 
     </span>
     <span class='ocr_line' id='line_1_5' title="bbox 201 560 1106 629; baseline -0.004 -12"><span class='ocrx_word' id='word_1_34' title='bbox 201 567 225 618; x_wconf 92' lang='lat' dir='ltr'><strong>di</strong></span> <span class='ocrx_word' id='word_1_35' title='bbox 235 565 378 629; x_wconf 87' lang='lat' dir='ltr'><strong>suscipientis</strong></span> <span class='ocrx_word' id='word_1_36' title='bbox 396 563 407 620; x_wconf 92' lang='lat'>(</span> <span class='ocrx_word' id='word_1_37' title='bbox 422 564 463 629; x_wconf 87' lang='lat' dir='ltr'><strong>qui</strong></span> <span class='ocrx_word' id='word_1_38' title='bbox 477 561 534 611; x_wconf 88' lang='lat' dir='ltr'><strong>hinc</strong></span> <span class='ocrx_word' id='word_1_39' title='bbox 548 562 589 612; x_wconf 87' lang='lat' dir='ltr'><strong>sub</strong></span> <span class='ocrx_word' id='word_1_40' title='bbox 603 560 688 618; x_wconf 86' lang='lat' dir='ltr'><strong>liirco,</strong></span> <span class='ocrx_word' id='word_1_41' title='bbox 703 564 796 614; x_wconf 85' lang='lat' dir='ltr'><strong>animali</strong></span> <span class='ocrx_word' id='word_1_42' title='bbox 812 563 878 614; x_wconf 83' lang='lat' dir='ltr'><strong>salaci</strong></span> <span class='ocrx_word' id='word_1_43' title='bbox 895 579 922 614; x_wconf 89' lang='lat' dir='ltr'><strong>ac</strong></span> <span class='ocrx_word' id='word_1_44' title='bbox 934 564 1021 614; x_wconf 81' lang='lat' dir='ltr'><strong>foetido</strong></span> <span class='ocrx_word' id='word_1_45' title='bbox 1038 580 1106 614; x_wconf 88' lang='lat' dir='ltr'><strong>com-</strong></span> 
     </span>
     <span class='ocr_line' id='line_1_6' title="bbox 200 626 1107 694; baseline -0.001 -13"><span class='ocrx_word' id='word_1_46' title='bbox 200 632 275 681; x_wconf 87' lang='lat' dir='ltr'><strong>mode</strong></span> <span class='ocrx_word' id='word_1_47' title='bbox 289 630 332 679; x_wconf 85' lang='lat' dir='ltr'><strong>listi</strong></span> <span class='ocrx_word' id='word_1_48' title='bbox 347 631 463 694; x_wconf 82' lang='lat' dir='ltr'><strong>poterat)</strong></span> <span class='ocrx_word' id='word_1_49' title='bbox 481 629 547 690; x_wconf 88' lang='lat' dir='ltr'><strong>cujus</strong></span> <span class='ocrx_word' id='word_1_50' title='bbox 567 626 659 692; x_wconf 82' lang='lat' dir='ltr'><strong>sanguis</strong></span> <span class='ocrx_word' id='word_1_51' title='bbox 683 644 763 678; x_wconf 89' lang='lat' dir='ltr'><strong>coram</strong></span> <span class='ocrx_word' id='word_1_52' title='bbox 786 627 866 680; x_wconf 79' lang='lat' dir='ltr'><strong>oculis.</strong></span> <span class='ocrx_word' id='word_1_53' title='bbox 884 627 952 690; x_wconf 69' lang='lat' dir='ltr'><strong>sandi</strong></span> <span class='ocrx_word' id='word_1_54' title='bbox 973 628 1035 686; x_wconf 89' lang='lat' dir='ltr'><strong>Dei,</strong></span> <span class='ocrx_word' id='word_1_55' title='bbox 1050 630 1107 691; x_wconf 87' lang='lat' dir='ltr'><strong>justi</strong></span> 
     </span>
     <span class='ocr_line' id='line_1_7' title="bbox 199 692 1106 761; baseline -0.003 -14"><span class='ocrx_word' id='word_1_56' title='bbox 199 697 284 761; x_wconf 85' lang='lat' dir='ltr'><strong>judicis</strong></span> <span class='ocrx_word' id='word_1_57' title='bbox 300 697 324 744; x_wconf 90' lang='lat' dir='ltr'><strong>in</strong></span> <span class='ocrx_word' id='word_1_58' title='bbox 341 693 406 743; x_wconf 90' lang='lat' dir='ltr'><strong>coelo</strong></span> <span class='ocrx_word' id='word_1_59' title='bbox 421 692 507 758; x_wconf 87' lang='lat' dir='ltr'><strong>sparsus</strong></span> <span class='ocrx_word' id='word_1_60' title='bbox 527 693 652 757; x_wconf 83' lang='lat' dir='ltr'><strong>&amp;corpus</strong></span> <span class='ocrx_word' id='word_1_61' title='bbox 668 694 701 743; x_wconf 88' lang='lat' dir='ltr'><strong>ira</strong></span> <span class='ocrx_word' id='word_1_62' title='bbox 719 695 797 744; x_wconf 84' lang='lat' dir='ltr'><strong>diuina</strong></span> <span class='ocrx_word' id='word_1_63' title='bbox 820 702 886 744; x_wconf 76' lang='lat' dir='ltr'><strong>extra</strong></span> <span class='ocrx_word' id='word_1_64' title='bbox 911 692 1106 760; x_wconf 75' lang='lat' dir='ltr'><strong>Hierosolymam</strong></span> 
     </span>
     <span class='ocr_line' id='line_1_8' title="bbox 200 757 1103 825; baseline -0.002 -14"><span class='ocrx_word' id='word_1_65' title='bbox 200 760 352 813; x_wconf 79' lang='lat' dir='ltr'><strong>consumtum</strong></span> <span class='ocrx_word' id='word_1_66' title='bbox 364 768 420 808; x_wconf 89' lang='lat' dir='ltr'><strong>erat.</strong></span> <span class='ocrx_word' id='word_1_67' title='bbox 479 757 603 820; x_wconf 81' lang='lat' dir='ltr'><strong>Quoniam</strong></span> <span class='ocrx_word' id='word_1_68' title='bbox 619 761 680 808; x_wconf 88' lang='lat' dir='ltr'><strong>cirea</strong></span> <span class='ocrx_word' id='word_1_69' title='bbox 698 757 746 811; x_wconf 90' lang='lat' dir='ltr'><strong>hoc</strong></span> <span class='ocrx_word' id='word_1_70' title='bbox 763 758 905 825; x_wconf 82' lang='lat' dir='ltr'><strong>Mysterium</strong></span> <span class='ocrx_word' id='word_1_71' title='bbox 921 758 1047 814; x_wconf 78' lang='lat' dir='ltr'><strong>Christiani</strong></span> <span class='ocrx_word' id='word_1_72' title='bbox 1068 761 1103 809; x_wconf 90' lang='lat' dir='ltr'><strong>in·</strong></span> 
     </span>
     <span class='ocr_line' id='line_1_9' title="bbox 199 822 1105 891; baseline -0.001 -14"><span class='ocrx_word' id='word_1_73' title='bbox 199 835 315 891; x_wconf 85' lang='lat' dir='ltr'><strong>terpretes</strong></span> <span class='ocrx_word' id='word_1_74' title='bbox 330 823 491 880; x_wconf 81' lang='lat' dir='ltr'><strong>consentiunt,</strong></span> <span class='ocrx_word' id='word_1_75' title='bbox 505 823 548 872; x_wconf 84' lang='lat' dir='ltr'><strong>alia</strong></span> <span class='ocrx_word' id='word_1_76' title='bbox 562 822 649 872; x_wconf 80' lang='lat' dir='ltr'><strong>addere</strong></span> <span class='ocrx_word' id='word_1_77' title='bbox 660 822 727 874; x_wconf 89' lang='lat' dir='ltr'><strong>nolo.</strong></span> <span class='ocrx_word' id='word_1_78' title='bbox 761 823 829 876; x_wconf 84' lang='lat' dir='ltr'><strong>Plura</strong></span> <span class='ocrx_word' id='word_1_79' title='bbox 844 823 908 874; x_wconf 88' lang='lat' dir='ltr'><strong>dabit</strong></span> <span class='ocrx_word' id='word_1_80' title='bbox 925 825 1019 887; x_wconf 79' lang='lat' dir='ltr'><strong>plenior</strong></span> <span class='ocrx_word' id='word_1_81' title='bbox 1037 840 1105 876; x_wconf 84' lang='lat' dir='ltr'><strong>corn·</strong></span> 
     </span>
     <span class='ocr_line' id='line_1_10' title="bbox 198 887 1037 956; baseline 0.001 -17"><span class='ocrx_word' id='word_1_82' title='bbox 198 892 289 956; x_wconf 83' lang='lat' dir='ltr'><strong>paratio</strong></span> <span class='ocrx_word' id='word_1_83' title='bbox 307 890 362 955; x_wconf 77' lang='lat' dir='ltr'><strong>typi</strong></span> <span class='ocrx_word' id='word_1_84' title='bbox 373 888 443 954; x_wconf 74' lang='lat' dir='ltr'><strong>huius</strong></span> <span class='ocrx_word' id='word_1_85' title='bbox 463 889 487 937; x_wconf 72' lang='lat' dir='ltr'><strong>rt</strong></span> <span class='ocrx_word' id='word_1_86' title='bbox 502 888 604 951; x_wconf 85' lang='lat' dir='ltr'><strong>antitypi</strong></span> <span class='ocrx_word' id='word_1_87' title='bbox 622 890 647 937; x_wconf 92' lang='lat' dir='ltr'><strong>in</strong></span> <span class='ocrx_word' id='word_1_88' title='bbox 669 887 778 949; x_wconf 83' lang='lat' dir='ltr'><strong>tabellis,</strong></span> <span class='ocrx_word' id='word_1_89' title='bbox 808 905 860 956; x_wconf 80' lang='lat' dir='ltr'><strong>quae</strong></span> <span class='ocrx_word' id='word_1_90' title='bbox 878 889 1037 953; x_wconf 77' lang='lat' dir='ltr'><strong>subjicientur.</strong></span> 
     </span>
     <span class='ocr_line' id='line_1_11' title="bbox 199 955 645 1018; baseline -0.004 -13"><span class='ocrx_word' id='word_1_91' title='bbox 199 955 322 1018; x_wconf 84' lang='lat' dir='ltr'><strong>Quaeritur</strong></span> <span class='ocrx_word' id='word_1_92' title='bbox 635 961 645 965; x_wconf 57' lang='grc'><strong>“</strong></span> 
     </span>
    </p>

    <p class='ocr_par' dir='ltr' id='par_1_3' title="bbox 197 1046 1105 1310">
     <span class='ocr_line' id='line_1_12' title="bbox 263 1046 1105 1115; baseline 0.004 -14"><span class='ocrx_word' id='word_1_93' title='bbox 263 1052 283 1111; x_wconf 79' lang='lat'><strong>§.</strong></span> <span class='ocrx_word' id='word_1_94' title='bbox 301 1064 352 1113; x_wconf 79' lang='lat'><strong>594.</strong></span> <span class='ocrx_word' id='word_1_95' title='bbox 370 1050 475 1101; x_wconf 84' lang='lat' dir='ltr'><strong>Decimo</strong></span> <span class='ocrx_word' id='word_1_96' title='bbox 490 1049 590 1113; x_wconf 86' lang='lat' dir='ltr'><strong>septimo</strong></span> <span class='ocrx_word' id='word_1_97' title='bbox 603 1065 609 1100; x_wconf 90' lang='lat'>:</span> <span class='ocrx_word' id='word_1_98' title='bbox 633 1055 732 1115; x_wconf 71' lang='lat' dir='ltr'><strong>Quanam</strong></span> <span class='ocrx_word' id='word_1_99' title='bbox 744 1046 791 1112; x_wconf 76' lang='lat' dir='ltr'><strong>infir</strong></span> <span class='ocrx_word' id='word_1_100' title='bbox 807 1050 890 1101; x_wconf 61' lang='grc' dir='ltr'><strong>δήλωσις</strong></span> <span class='ocrx_word' id='word_1_101' title='bbox 904 1053 1032 1113; x_wconf 64' lang='lat' dir='ltr'><strong>uvsvpunul</strong></span> <span class='ocrx_word' id='word_1_102' title='bbox 1048 1052 1105 1104; x_wconf 82' lang='lat' dir='ltr'><strong>birro</strong></span> 
     </span>
     <span class='ocr_line' id='line_1_13' title="bbox 197 1114 1104 1184; baseline 0.001 -17"><span class='ocrx_word' id='word_1_103' title='bbox 197 1123 248 1167; x_wconf 83' lang='lat' dir='ltr'><strong>uiuo</strong></span> <span class='ocrx_word' id='word_1_104' title='bbox 261 1119 289 1166; x_wconf 79' lang='lat' dir='ltr'><strong>ud</strong></span> <span class='ocrx_word' id='word_1_105' title='bbox 305 1118 393 1172; x_wconf 63' lang='lat' dir='ltr'><strong>Auraei</strong></span> <span class='ocrx_word' id='word_1_106' title='bbox 406 1116 487 1180; x_wconf 64' lang='lat' dir='ltr'><strong>uri&#39;ffu?</strong></span> <span class='ocrx_word' id='word_1_107' title='bbox 513 1115 580 1181; x_wconf 81' lang='lat' dir='ltr'><strong>Resp.</strong></span> <span class='ocrx_word' id='word_1_108' title='bbox 614 1114 727 1177; x_wconf 84' lang='lat' dir='ltr'><strong>Quantus</strong></span> <span class='ocrx_word' id='word_1_109' title='bbox 745 1115 870 1167; x_wconf 87' lang='lat' dir='ltr'><strong>consensus</strong></span> <span class='ocrx_word' id='word_1_110' title='bbox 887 1118 949 1169; x_wconf 84' lang='lat' dir='ltr'><strong>circa</strong></span> <span class='ocrx_word' id='word_1_111' title='bbox 962 1118 1104 1184; x_wconf 78' lang='lat' dir='ltr'><strong>Myllerium</strong></span> 
     </span>
     <span class='ocr_line' id='line_1_14' title="bbox 198 1180 1104 1250; baseline 0 -17"><span class='ocrx_word' id='word_1_112' title='bbox 198 1184 284 1249; x_wconf 91' lang='lat' dir='ltr'><strong>prioris</strong></span> <span class='ocrx_word' id='word_1_113' title='bbox 300 1183 372 1240; x_wconf 78' lang='lat' dir='ltr'><strong>hirci,</strong></span> <span class='ocrx_word' id='word_1_114' title='bbox 390 1192 468 1232; x_wconf 85' lang='lat' dir='ltr'><strong>tantus</strong></span> <span class='ocrx_word' id='word_1_115' title='bbox 481 1180 590 1231; x_wconf 84' lang='lat' dir='ltr'><strong>dissensus</strong></span> <span class='ocrx_word' id='word_1_116' title='bbox 600 1182 660 1231; x_wconf 86' lang='lat' dir='ltr'><strong>circa</strong></span> <span class='ocrx_word' id='word_1_117' title='bbox 672 1182 814 1246; x_wconf 87' lang='lat' dir='ltr'><strong>posterioris.</strong></span> <span class='ocrx_word' id='word_1_118' title='bbox 841 1181 1011 1235; x_wconf 83' lang='lat' dir='ltr'><strong>Dissentiemes</strong></span> <span class='ocrx_word' id='word_1_119' title='bbox 1024 1187 1104 1250; x_wconf 85' lang='lat' dir='ltr'><strong>primo</strong></span> 
     </span>
     <span class='ocr_line' id='line_1_15' title="bbox 198 1245 669 1310; baseline -0.011 -10"><span class='ocrx_word' id='word_1_120' title='bbox 198 1249 340 1304; x_wconf 79' lang='lat' dir='ltr'><strong>citabimus,</strong></span> <span class='ocrx_word' id='word_1_121' title='bbox 359 1255 411 1304; x_wconf 84' lang='lat' dir='ltr'><strong>tum</strong></span> <span class='ocrx_word' id='word_1_122' title='bbox 428 1246 545 1310; x_wconf 84' lang='lat' dir='ltr'><strong>judicium</strong></span> <span class='ocrx_word' id='word_1_123' title='bbox 559 1245 669 1297; x_wconf 83' lang='lat' dir='ltr'><strong>ferenrus.</strong></span> 
     </span>
    </p>
   </div>
   <div class='ocr_carea' id='block_1_3' title="bbox 194 1342 1105 1861">
    <p class='ocr_par' dir='ltr' id='par_1_4' title="bbox 194 1342 1105 1861">
     <span class='ocr_line' id='line_1_16' title="bbox 205 1342 1105 1410; baseline -0.001 -15"><span class='ocrx_word' id='word_1_124' title='bbox 205 1354 207 1358; x_wconf 82' lang='grc'>’</span> <span class='ocrx_word' id='word_1_125' title='bbox 265 1345 286 1404; x_wconf 77' lang='lat'><strong>§.</strong></span> <span class='ocrx_word' id='word_1_126' title='bbox 307 1359 358 1407; x_wconf 88' lang='lat'>595.</span> <span class='ocrx_word' id='word_1_127' title='bbox 378 1343 428 1407; x_wconf 85' lang='lat' dir='ltr'><strong>Qui</strong></span> <span class='ocrx_word' id='word_1_128' title='bbox 445 1342 596 1401; x_wconf 82' lang='lat' dir='ltr'><strong>dissentiunt,</strong></span> <span class='ocrx_word' id='word_1_129' title='bbox 615 1359 656 1408; x_wconf 89' lang='lat' dir='ltr'><strong>per</strong></span> <span class='ocrx_word' id='word_1_130' title='bbox 667 1343 754 1406; x_wconf 80' lang='lat' dir='ltr'><strong>Azazel</strong></span> <span class='ocrx_word' id='word_1_131' title='bbox 768 1344 907 1410; x_wconf 84' lang='lat' dir='ltr'><strong>intelligunt</strong></span> <span class='ocrx_word' id='word_1_132' title='bbox 918 1345 1042 1403; x_wconf 86' lang='lat' dir='ltr'><strong>Satanam,</strong></span> <span class='ocrx_word' id='word_1_133' title='bbox 1062 1361 1105 1410; x_wconf 92' lang='lat' dir='ltr'><strong>per</strong></span> 
     </span>
     <span class='ocr_line' id='line_1_17' title="bbox 198 1408 1105 1475; baseline -0.002 -13"><span class='ocrx_word' id='word_1_134' title='bbox 198 1410 293 1462; x_wconf 84' lang='lat' dir='ltr'><strong>hircum</strong></span> <span class='ocrx_word' id='word_1_135' title='bbox 309 1409 449 1460; x_wconf 76' lang='lat' dir='ltr'><strong>emissarium</strong></span> <span class='ocrx_word' id='word_1_136' title='bbox 465 1410 584 1473; x_wconf 88' lang='lat' dir='ltr'><strong>populum</strong></span> <span class='ocrx_word' id='word_1_137' title='bbox 599 1408 664 1459; x_wconf 87' lang='lat' dir='ltr'><strong>lsrael</strong></span> <span class='ocrx_word' id='word_1_138' title='bbox 682 1408 786 1459; x_wconf 86' lang='lat' dir='ltr'><strong>Diabolo</strong></span> <span class='ocrx_word' id='word_1_139' title='bbox 799 1411 947 1460; x_wconf 88' lang='lat' dir='ltr'><strong>tradendum.</strong></span> <span class='ocrx_word' id='word_1_140' title='bbox 1001 1411 1046 1460; x_wconf 84' lang='lat' dir='ltr'><strong>Vel</strong></span> <span class='ocrx_word' id='word_1_141' title='bbox 1063 1426 1105 1475; x_wconf 92' lang='lat' dir='ltr'><strong>per</strong></span> 
     </span>
     <span class='ocr_line' id='line_1_18' title="bbox 197 1472 1103 1540; baseline -0.002 -14"><span class='ocrx_word' id='word_1_142' title='bbox 197 1477 260 1526; x_wconf 88' lang='lat' dir='ltr'><strong>duos</strong></span> <span class='ocrx_word' id='word_1_143' title='bbox 280 1475 359 1525; x_wconf 85' lang='lat' dir='ltr'><strong>hircos</strong></span> <span class='ocrx_word' id='word_1_144' title='bbox 377 1474 515 1539; x_wconf 85' lang='lat' dir='ltr'><strong>intelligunt</strong></span> <span class='ocrx_word' id='word_1_145' title='bbox 529 1473 620 1539; x_wconf 82' lang='lat' dir='ltr'><strong>duplex</strong></span> <span class='ocrx_word' id='word_1_146' title='bbox 639 1472 775 1524; x_wconf 87' lang='lat' dir='ltr'><strong>sacrificium</strong></span> <span class='ocrx_word' id='word_1_147' title='bbox 794 1490 825 1525; x_wconf 82' lang='lat' dir='ltr'><strong>ex</strong></span> <span class='ocrx_word' id='word_1_148' title='bbox 848 1475 938 1540; x_wconf 81' lang='lat' dir='ltr'><strong>duplici</strong></span> <span class='ocrx_word' id='word_1_149' title='bbox 960 1476 999 1527; x_wconf 88' lang='lat' dir='ltr'><strong>sed</strong></span> <span class='ocrx_word' id='word_1_150' title='bbox 1012 1476 1103 1526; x_wconf 86' lang='lat' dir='ltr'><strong>diverso</strong></span> 
     </span>
     <span class='ocr_line' id='line_1_19' title="bbox 194 1539 1103 1607; baseline -0.003 -15"><span class='ocrx_word' id='word_1_151' title='bbox 194 1541 350 1596; x_wconf 65' lang='lat' dir='ltr'><strong>,Sacerdotim</strong></span> <span class='ocrx_word' id='word_1_152' title='bbox 369 1539 585 1590; x_wconf 81' lang='lat' dir='ltr'><strong>Melchisedeciano</strong></span> <span class='ocrx_word' id='word_1_153' title='bbox 596 1540 620 1588; x_wconf 79' lang='lat' dir='ltr'><strong>dr</strong></span> <span class='ocrx_word' id='word_1_154' title='bbox 635 1540 779 1593; x_wconf 77' lang='lat' dir='ltr'><strong>Aharonico,</strong></span> <span class='ocrx_word' id='word_1_155' title='bbox 798 1542 936 1599; x_wconf 80' lang='lat' dir='ltr'><strong>oriundum,</strong></span> <span class='ocrx_word' id='word_1_156' title='bbox 947 1540 1043 1607; x_wconf 84' lang='lat' dir='ltr'><strong>Judaeos</strong></span> <span class='ocrx_word' id='word_1_157' title='bbox 1054 1556 1103 1591; x_wconf 86' lang='lat' dir='ltr'><strong>car-</strong></span> 
     </span>
     <span class='ocr_line' id='line_1_20' title="bbox 199 1600 1104 1658; baseline -0.001 -3"><span class='ocrx_word' id='word_1_158' title='bbox 199 1605 264 1656; x_wconf 82' lang='lat' dir='ltr'><strong>nales</strong></span> <span class='ocrx_word' id='word_1_159' title='bbox 279 1605 396 1654; x_wconf 86' lang='lat' dir='ltr'><strong>adhaerere</strong></span> <span class='ocrx_word' id='word_1_160' title='bbox 409 1604 557 1658; x_wconf 72' lang='lat' dir='ltr'><strong>bliarouico,</strong></span> <span class='ocrx_word' id='word_1_161' title='bbox 576 1600 614 1651; x_wconf 86' lang='lat' dir='ltr'><strong>sed</strong></span> <span class='ocrx_word' id='word_1_162' title='bbox 630 1618 697 1651; x_wconf 80' lang='lat' dir='ltr'><strong>veros</strong></span> <span class='ocrx_word' id='word_1_163' title='bbox 707 1601 930 1654; x_wconf 78' lang='lat' dir='ltr'><strong>bleichiledeciaoo.</strong></span> <span class='ocrx_word' id='word_1_164' title='bbox 967 1605 1012 1655; x_wconf 78' lang='lat' dir='ltr'><strong>Alii</strong></span> <span class='ocrx_word' id='word_1_165' title='bbox 1026 1606 1104 1654; x_wconf 87' lang='lat' dir='ltr'><strong>subin-</strong></span> 
     </span>
     <span class='ocr_line' id='line_1_21' title="bbox 199 1665 1105 1734; baseline -0.003 -13"><span class='ocrx_word' id='word_1_166' title='bbox 199 1669 313 1734; x_wconf 80' lang='lat' dir='ltr'><strong>telligunt</strong></span> <span class='ocrx_word' id='word_1_167' title='bbox 324 1685 401 1732; x_wconf 76' lang='lat' dir='ltr'><strong>genus</strong></span> <span class='ocrx_word' id='word_1_168' title='bbox 415 1668 548 1716; x_wconf 86' lang='lat' dir='ltr'><strong>humanum</strong></span> <span class='ocrx_word' id='word_1_169' title='bbox 562 1677 640 1716; x_wconf 84' lang='lat' dir='ltr'><strong>nrorte</strong></span> <span class='ocrx_word' id='word_1_170' title='bbox 653 1665 737 1716; x_wconf 80' lang='lat' dir='ltr'><strong>Christi</strong></span> <span class='ocrx_word' id='word_1_171' title='bbox 749 1668 760 1716; x_wconf 70' lang='lat'><strong>{1</strong></span> <span class='ocrx_word' id='word_1_172' title='bbox 772 1676 850 1718; x_wconf 87' lang='lat' dir='ltr'><strong>morte</strong></span> <span class='ocrx_word' id='word_1_173' title='bbox 861 1668 970 1719; x_wconf 89' lang='lat' dir='ltr'><strong>liberum.</strong></span> <span class='ocrx_word' id='word_1_174' title='bbox 1005 1670 1050 1720; x_wconf 77' lang='lat' dir='ltr'><strong>tilii</strong></span> <span class='ocrx_word' id='word_1_175' title='bbox 1062 1671 1105 1719; x_wconf 91' lang='lat' dir='ltr'><strong>eti-</strong></span> 
     </span>
     <span class='ocr_line' id='line_1_22' title="bbox 198 1730 1103 1796; baseline 0 -13"><span class='ocrx_word' id='word_1_176' title='bbox 198 1751 236 1786; x_wconf 88' lang='lat' dir='ltr'><strong>am</strong></span> <span class='ocrx_word' id='word_1_177' title='bbox 248 1734 347 1783; x_wconf 82' lang='lat' dir='ltr'><strong>hoolub</strong></span> <span class='ocrx_word' id='word_1_178' title='bbox 365 1734 432 1781; x_wconf 87' lang='lat' dir='ltr'><strong>hirco</strong></span> <span class='ocrx_word' id='word_1_179' title='bbox 445 1731 563 1783; x_wconf 84' lang='lat' dir='ltr'><strong>Christum</strong></span> <span class='ocrx_word' id='word_1_180' title='bbox 580 1730 622 1781; x_wconf 84' lang='lat' dir='ltr'><strong>filli</strong></span> <span class='ocrx_word' id='word_1_181' title='bbox 635 1741 734 1795; x_wconf 79' lang='lat' dir='ltr'><strong>putent,</strong></span> <span class='ocrx_word' id='word_1_182' title='bbox 751 1730 789 1780; x_wconf 87' lang='lat' dir='ltr'><strong>sed</strong></span> <span class='ocrx_word' id='word_1_183' title='bbox 803 1734 872 1789; x_wconf 82' lang='lat' dir='ltr'><strong>varie,</strong></span> <span class='ocrx_word' id='word_1_184' title='bbox 889 1733 1049 1796; x_wconf 79' lang='lat' dir='ltr'><strong>intelligentes</strong></span> <span class='ocrx_word' id='word_1_185' title='bbox 1065 1733 1103 1784; x_wconf 88' lang='lat' dir='ltr'><strong>vel</strong></span> 
     </span>
     <span class='ocr_line' id='line_1_23' title="bbox 198 1795 1102 1861; baseline -0.002 -12"><span class='ocrx_word' id='word_1_186' title='bbox 198 1802 302 1858; x_wconf 87' lang='lat' dir='ltr'><strong>animam</strong></span> <span class='ocrx_word' id='word_1_187' title='bbox 313 1799 370 1861; x_wconf 83' lang='lat' dir='ltr'><strong>ejus,</strong></span> <span class='ocrx_word' id='word_1_188' title='bbox 382 1796 420 1847; x_wconf 86' lang='lat' dir='ltr'><strong>vel</strong></span> <span class='ocrx_word' id='word_1_189' title='bbox 433 1796 490 1846; x_wconf 79' lang='lat' dir='ltr'><strong>dum</strong></span> <span class='ocrx_word' id='word_1_190' title='bbox 505 1798 554 1860; x_wconf 77' lang='lat' dir='ltr'><strong>ejus</strong></span> <span class='ocrx_word' id='word_1_191' title='bbox 569 1805 675 1850; x_wconf 85' lang='lat' dir='ltr'><strong>naturas,</strong></span> <span class='ocrx_word' id='word_1_192' title='bbox 688 1795 725 1845; x_wconf 86' lang='lat' dir='ltr'><strong>vel</strong></span> <span class='ocrx_word' id='word_1_193' title='bbox 738 1796 859 1858; x_wconf 86' lang='lat' dir='ltr'><strong>duplicem</strong></span> <span class='ocrx_word' id='word_1_194' title='bbox 877 1815 935 1859; x_wconf 57' lang='lat' dir='ltr'><strong>aero</strong></span> <span class='ocrx_word' id='word_1_195' title='bbox 952 1797 1102 1856; x_wconf 70' lang='lat' dir='ltr'><strong>Medorum,</strong></span> 
     </span>
    </p>
   </div>
   <div class='ocr_carea' id='block_1_4' title="bbox 110 1858 1138 1928">
    <p class='ocr_par' dir='ltr' id='par_1_5' title="bbox 110 1858 1138 1928">
     <span class='ocr_line' id='line_1_24' title="bbox 110 1858 1138 1928; baseline -0.001 -13"><span class='ocrx_word' id='word_1_196' title='bbox 110 1875 112 1878; x_wconf 82' lang='grc'>’</span> <span class='ocrx_word' id='word_1_197' title='bbox 198 1880 270 1916; x_wconf 87' lang='lat' dir='ltr'><strong>unam</strong></span> <span class='ocrx_word' id='word_1_198' title='bbox 286 1880 340 1928; x_wconf 84' lang='lat' dir='ltr'><strong>erga</strong></span> <span class='ocrx_word' id='word_1_199' title='bbox 360 1861 441 1913; x_wconf 88' lang='lat' dir='ltr'><strong>Deum</strong></span> <span class='ocrx_word' id='word_1_200' title='bbox 454 1861 577 1922; x_wconf 78' lang='lat' dir='ltr'><strong>judicem,</strong></span> <span class='ocrx_word' id='word_1_201' title='bbox 602 1863 641 1912; x_wconf 91' lang='lat' dir='ltr'><strong>cui</strong></span> <span class='ocrx_word' id='word_1_202' title='bbox 658 1858 845 1912; x_wconf 83' lang='lat' dir='ltr'><strong>satisfaciendum</strong></span> <span class='ocrx_word' id='word_1_203' title='bbox 860 1872 909 1912; x_wconf 88' lang='lat' dir='ltr'><strong>erat</strong></span> <span class='ocrx_word' id='word_1_204' title='bbox 930 1879 974 1927; x_wconf 86' lang='lat' dir='ltr'><strong>per</strong></span> <span class='ocrx_word' id='word_1_205' title='bbox 991 1866 1103 1914; x_wconf 85' lang='lat' dir='ltr'><strong>meritum</strong></span> <span class='ocrx_word' id='word_1_206' title='bbox 1136 1898 1138 1902; x_wconf 67' lang='lat'>,</span> 
     </span>
    </p>
   </div>
   <div class='ocr_carea' id='block_1_5' title="bbox 196 1924 1104 2185">
    <p class='ocr_par' dir='ltr' id='par_1_6' title="bbox 196 1924 1104 2185">
     <span class='ocr_line' id='line_1_25' title="bbox 197 1924 1103 1993; baseline -0.001 -14"><span class='ocrx_word' id='word_1_207' title='bbox 197 1930 295 1983; x_wconf 86' lang='lat' dir='ltr'><strong>mortis,</strong></span> <span class='ocrx_word' id='word_1_208' title='bbox 314 1928 410 1979; x_wconf 88' lang='lat' dir='ltr'><strong>alteram</strong></span> <span class='ocrx_word' id='word_1_209' title='bbox 423 1926 530 1978; x_wconf 77' lang='lat' dir='ltr'><strong>adversus</strong></span> <span class='ocrx_word' id='word_1_210' title='bbox 543 1925 684 1981; x_wconf 87' lang='lat' dir='ltr'><strong>Diabolum,</strong></span> <span class='ocrx_word' id='word_1_211' title='bbox 701 1924 793 1975; x_wconf 86' lang='lat' dir='ltr'><strong>hostem</strong></span> <span class='ocrx_word' id='word_1_212' title='bbox 807 1963 814 1983; x_wconf 83' lang='lat'><strong>,</strong></span> <span class='ocrx_word' id='word_1_213' title='bbox 829 1943 885 1977; x_wconf 84' lang='lat' dir='ltr'><strong>cunr</strong></span> <span class='ocrx_word' id='word_1_214' title='bbox 904 1944 956 1993; x_wconf 85' lang='lat' dir='ltr'><strong>quo·</strong></span> <span class='ocrx_word' id='word_1_215' title='bbox 965 1929 1103 1979; x_wconf 74' lang='lat' dir='ltr'><strong>instandum</strong></span> 
     </span>
     <span class='ocr_line' id='line_1_26' title="bbox 196 1989 1104 2054; baseline -0.001 -10"><span class='ocrx_word' id='word_1_216' title='bbox 196 1994 242 2044; x_wconf 84' lang='lat' dir='ltr'><strong>suit</strong></span> <span class='ocrx_word' id='word_1_217' title='bbox 254 1991 356 2044; x_wconf 84' lang='lat' dir='ltr'><strong>efficacia</strong></span> <span class='ocrx_word' id='word_1_218' title='bbox 368 1995 426 2043; x_wconf 83' lang='lat' dir='ltr'><strong>vitae.</strong></span> <span class='ocrx_word' id='word_1_219' title='bbox 475 1991 522 2041; x_wconf 87' lang='lat' dir='ltr'><strong>Vel</strong></span> <span class='ocrx_word' id='word_1_220' title='bbox 539 1991 634 2040; x_wconf 87' lang='lat' dir='ltr'><strong>taudem</strong></span> <span class='ocrx_word' id='word_1_221' title='bbox 650 1989 770 2054; x_wconf 87' lang='lat' dir='ltr'><strong>duplicem</strong></span> <span class='ocrx_word' id='word_1_222' title='bbox 789 1991 889 2050; x_wconf 84' lang='lat' dir='ltr'><strong>statum,</strong></span> <span class='ocrx_word' id='word_1_223' title='bbox 907 1995 990 2043; x_wconf 88' lang='lat' dir='ltr'><strong>mortis</strong></span> <span class='ocrx_word' id='word_1_224' title='bbox 1010 1996 1033 2043; x_wconf 78' lang='lat' dir='ltr'><strong>dt</strong></span> <span class='ocrx_word' id='word_1_225' title='bbox 1052 1996 1104 2044; x_wconf 83' lang='lat' dir='ltr'><strong>vitae</strong></span> 
     </span>
     <span class='ocr_line' id='line_1_27' title="bbox 197 2055 1103 2124; baseline 0 -16"><span class='ocrx_word' id='word_1_226' title='bbox 197 2057 251 2124; x_wconf 87' lang='lat' dir='ltr'><strong>Jesu</strong></span> <span class='ocrx_word' id='word_1_227' title='bbox 266 2058 362 2114; x_wconf 85' lang='lat' dir='ltr'><strong>Christi,</strong></span> <span class='ocrx_word' id='word_1_228' title='bbox 381 2058 425 2107; x_wconf 87' lang='lat' dir='ltr'><strong>scil.</strong></span> <span class='ocrx_word' id='word_1_229' title='bbox 443 2055 675 2107; x_wconf 83' lang='lat' dir='ltr'><strong>Hircosimniulatus</strong></span> <span class='ocrx_word' id='word_1_230' title='bbox 688 2064 759 2121; x_wconf 89' lang='lat' dir='ltr'><strong>typus</strong></span> <span class='ocrx_word' id='word_1_231' title='bbox 772 2055 859 2108; x_wconf 83' lang='lat' dir='ltr'><strong>Christi</strong></span> <span class='ocrx_word' id='word_1_232' title='bbox 872 2059 969 2116; x_wconf 85' lang='lat' dir='ltr'><strong>mortui,</strong></span> <span class='ocrx_word' id='word_1_233' title='bbox 983 2057 1021 2109; x_wconf 87' lang='lat' dir='ltr'><strong>sed</strong></span> <span class='ocrx_word' id='word_1_234' title='bbox 1037 2061 1103 2109; x_wconf 77' lang='lat' dir='ltr'><strong>idrus</strong></span> 
     </span>
     <span class='ocr_line' id='line_1_28' title="bbox 198 2120 747 2185; baseline -0.007 -11"><span class='ocrx_word' id='word_1_235' title='bbox 198 2124 223 2174; x_wconf 74' lang='lat' dir='ltr'><strong>da</strong></span> <span class='ocrx_word' id='word_1_236' title='bbox 240 2123 299 2173; x_wconf 89' lang='lat' dir='ltr'><strong>liber</strong></span> <span class='ocrx_word' id='word_1_237' title='bbox 314 2122 442 2173; x_wconf 85' lang='lat' dir='ltr'><strong>declaratus</strong></span> <span class='ocrx_word' id='word_1_238' title='bbox 460 2122 565 2185; x_wconf 82' lang='lat' dir='ltr'><strong>ejusdem</strong></span> <span class='ocrx_word' id='word_1_239' title='bbox 579 2122 626 2171; x_wconf 86' lang='lat' dir='ltr'><strong>vivi</strong></span> <span class='ocrx_word' id='word_1_240' title='bbox 641 2120 747 2171; x_wconf 87' lang='lat' dir='ltr'><strong>habetur.</strong></span> 
     </span>
    </p>
   </div>
   <div class='ocr_carea' id='block_1_6' title="bbox 197 2217 1104 2481">
    <p class='ocr_par' dir='ltr' id='par_1_7' title="bbox 197 2217 1104 2481">
     <span class='ocr_line' id='line_1_29' title="bbox 265 2217 1104 2285; baseline 0.004 -17"><span class='ocrx_word' id='word_1_241' title='bbox 265 2220 285 2278; x_wconf 83' lang='lat'><strong>§.</strong></span> <span class='ocrx_word' id='word_1_242' title='bbox 303 2229 355 2280; x_wconf 84' lang='lat'><em>596.</em></span> <span class='ocrx_word' id='word_1_243' title='bbox 375 2219 434 2265; x_wconf 67' lang='lat' dir='ltr'><strong>nard</strong></span> <span class='ocrx_word' id='word_1_244' title='bbox 446 2219 508 2281; x_wconf 64' lang='grc' dir='ltr'><strong><em>μέρος</em></strong></span> <span class='ocrx_word' id='word_1_245' title='bbox 520 2219 625 2270; x_wconf 81' lang='lat' dir='ltr'><strong>Examen</strong></span> <span class='ocrx_word' id='word_1_246' title='bbox 638 2219 793 2270; x_wconf 80' lang='lat' dir='ltr'><strong>instituemus</strong></span> <span class='ocrx_word' id='word_1_247' title='bbox 812 2217 856 2284; x_wconf 83' lang='lat' dir='ltr'><strong>lpsr</strong></span> <span class='ocrx_word' id='word_1_248' title='bbox 871 2219 967 2283; x_wconf 84' lang='lat' dir='ltr'><strong>quidem</strong></span> <span class='ocrx_word' id='word_1_249' title='bbox 977 2217 1052 2285; x_wconf 84' lang='lat' dir='ltr'><strong>Judaei</strong></span> <span class='ocrx_word' id='word_1_250' title='bbox 1063 2237 1104 2271; x_wconf 90' lang='lat' dir='ltr'><strong>an-</strong></span> 
     </span>
     <span class='ocr_line' id='line_1_30' title="bbox 197 2283 1104 2352; baseline -0.002 -14"><span class='ocrx_word' id='word_1_251' title='bbox 197 2287 327 2352; x_wconf 80' lang='lat' dir='ltr'><strong>tiquiores,</strong></span> <span class='ocrx_word' id='word_1_252' title='bbox 342 2294 393 2335; x_wconf 89' lang='lat' dir='ltr'><strong>tum</strong></span> <span class='ocrx_word' id='word_1_253' title='bbox 408 2284 519 2334; x_wconf 85' lang='lat' dir='ltr'><strong>nonnulli</strong></span> <span class='ocrx_word' id='word_1_254' title='bbox 539 2284 663 2335; x_wconf 84' lang='lat' dir='ltr'><strong>Christiani</strong></span> <span class='ocrx_word' id='word_1_255' title='bbox 678 2283 720 2334; x_wconf 89' lang='lat' dir='ltr'><strong>sub</strong></span> <span class='ocrx_word' id='word_1_256' title='bbox 737 2285 825 2334; x_wconf 77' lang='lat' dir='ltr'><strong>Azazel</strong></span> <span class='ocrx_word' id='word_1_257' title='bbox 839 2283 947 2334; x_wconf 83' lang='lat' dir='ltr'><strong>Soranum</strong></span> <span class='ocrx_word' id='word_1_258' title='bbox 961 2284 1034 2335; x_wconf 87' lang='lat' dir='ltr'><strong>latere</strong></span> <span class='ocrx_word' id='word_1_259' title='bbox 1051 2288 1104 2350; x_wconf 91' lang='lat' dir='ltr'><strong>opi-</strong></span> 
     </span>
     <span class='ocr_line' id='line_1_31' title="bbox 197 2348 1101 2415; baseline 0 -14"><span class='ocrx_word' id='word_1_260' title='bbox 197 2362 286 2403; x_wconf 87' lang='lat' dir='ltr'><strong>nantur</strong></span> <span class='ocrx_word' id='word_1_261' title='bbox 298 2357 320 2401; x_wconf 67' lang='grc' dir='ltr'><strong>ῑῐ.</strong></span> <span class='ocrx_word' id='word_1_262' title='bbox 331 2357 391 2413; x_wconf 70' lang='lat' dir='ltr'><strong>Euerg.</strong></span> <span class='ocrx_word' id='word_1_263' title='bbox 407 2355 429 2410; x_wconf 51' lang='grc' dir='ltr'><strong>ᾗ.</strong></span> <span class='ocrx_word' id='word_1_264' title='bbox 445 2355 496 2406; x_wconf 78' lang='lat'><em>136.</em></span> <span class='ocrx_word' id='word_1_265' title='bbox 516 2348 562 2397; x_wconf 87' lang='lat' dir='ltr'><strong>Sed</strong></span> <span class='ocrx_word' id='word_1_266' title='bbox 574 2358 656 2398; x_wconf 88' lang='lat' dir='ltr'><strong>carent</strong></span> <span class='ocrx_word' id='word_1_267' title='bbox 671 2348 750 2397; x_wconf 89' lang='lat' dir='ltr'><strong>solidis</strong></span> <span class='ocrx_word' id='word_1_268' title='bbox 767 2349 921 2411; x_wconf 74' lang='lat' dir='ltr'><strong>probationes</strong></span> <span class='ocrx_word' id='word_1_269' title='bbox 937 2352 1101 2415; x_wconf 86' lang='lat' dir='ltr'><strong>argumentis,</strong></span> 
     </span>
     <span class='ocr_line' id='line_1_32' title="bbox 197 2412 866 2481; baseline -0.007 -13"><span class='ocrx_word' id='word_1_270' title='bbox 197 2418 249 2468; x_wconf 86' lang='lat' dir='ltr'><strong>imo</strong></span> <span class='ocrx_word' id='word_1_271' title='bbox 265 2417 387 2467; x_wconf 82' lang='lat' dir='ltr'><strong>contrariis</strong></span> <span class='ocrx_word' id='word_1_272' title='bbox 403 2423 551 2481; x_wconf 86' lang='lat' dir='ltr'><strong>premuntur.</strong></span> <span class='ocrx_word' id='word_1_273' title='bbox 571 2412 616 2462; x_wconf 86' lang='lat' dir='ltr'><strong>vid.</strong></span> <span class='ocrx_word' id='word_1_274' title='bbox 633 2413 730 2478; x_wconf 78' lang='lat' dir='ltr'><strong>supra§.</strong></span> <span class='ocrx_word' id='word_1_275' title='bbox 745 2425 796 2473; x_wconf 83' lang='lat'>137.</span> <span class='ocrx_word' id='word_1_276' title='bbox 814 2420 866 2472; x_wconf 71' lang='lat'><strong>138.</strong></span> 
     </span>
    </p>
   </div>
   <div class='ocr_carea' id='block_1_7' title="bbox 194 2509 1103 2890">
    <p class='ocr_par' dir='ltr' id='par_1_8' title="bbox 194 2509 1103 2849">
     <span class='ocr_line' id='line_1_33' title="bbox 263 2509 1102 2579; baseline 0.002 -17"><span class='ocrx_word' id='word_1_277' title='bbox 263 2513 283 2572; x_wconf 59' lang='grc' dir='ltr'><strong>ἕ.</strong></span> <span class='ocrx_word' id='word_1_278' title='bbox 306 2529 358 2579; x_wconf 48' lang='lat'><strong>5977</strong></span> <span class='ocrx_word' id='word_1_279' title='bbox 386 2513 436 2575; x_wconf 83' lang='lat' dir='ltr'><strong>Qui</strong></span> <span class='ocrx_word' id='word_1_280' title='bbox 452 2528 510 2563; x_wconf 88' lang='lat' dir='ltr'><strong>vero</strong></span> <span class='ocrx_word' id='word_1_281' title='bbox 529 2509 631 2562; x_wconf 87' lang='lat' dir='ltr'><strong>asserunt</strong></span> <span class='ocrx_word' id='word_1_282' title='bbox 644 2511 685 2560; x_wconf 92' lang='lat' dir='ltr'><strong>sub</strong></span> <span class='ocrx_word' id='word_1_283' title='bbox 701 2510 768 2561; x_wconf 91' lang='lat' dir='ltr'><strong>hirco</strong></span> <span class='ocrx_word' id='word_1_284' title='bbox 783 2510 897 2562; x_wconf 89' lang='lat' dir='ltr'><strong>emissario</strong></span> <span class='ocrx_word' id='word_1_285' title='bbox 919 2511 964 2563; x_wconf 85' lang='lat' dir='ltr'><strong>sisti</strong></span> <span class='ocrx_word' id='word_1_286' title='bbox 982 2514 1102 2579; x_wconf 89' lang='lat' dir='ltr'><strong>populum</strong></span> 
     </span>
     <span class='ocr_line' id='line_1_34' title="bbox 197 2575 1103 2646; baseline -0.001 -16"><span class='ocrx_word' id='word_1_287' title='bbox 197 2581 380 2646; x_wconf 80' lang='lat' dir='ltr'><strong>immorigerum</strong></span> <span class='ocrx_word' id='word_1_288' title='bbox 392 2579 481 2628; x_wconf 82' lang='lat' dir='ltr'><strong>Satanae</strong></span> <span class='ocrx_word' id='word_1_289' title='bbox 495 2575 646 2636; x_wconf 83' lang='lat' dir='ltr'><strong>tradendum,</strong></span> <span class='ocrx_word' id='word_1_290' title='bbox 662 2575 694 2625; x_wconf 92' lang='lat' dir='ltr'><strong>illi</strong></span> <span class='ocrx_word' id='word_1_291' title='bbox 705 2592 735 2627; x_wconf 83' lang='lat' dir='ltr'><strong>ex</strong></span> <span class='ocrx_word' id='word_1_292' title='bbox 751 2576 840 2642; x_wconf 88' lang='lat' dir='ltr'><strong>duplici</strong></span> <span class='ocrx_word' id='word_1_293' title='bbox 853 2580 958 2628; x_wconf 78' lang='lat' dir='ltr'><strong>maxime</strong></span> <span class='ocrx_word' id='word_1_294' title='bbox 973 2595 1103 2643; x_wconf 46' lang='lat' dir='ltr'><strong>argumen‘</strong></span> 
     </span>
     <span class='ocr_line' id='line_1_35' title="bbox 196 2640 1102 2706; baseline -0.003 -11"><span class='ocrx_word' id='word_1_295' title='bbox 196 2655 223 2695; x_wconf 90' lang='lat' dir='ltr'><strong>to</strong></span> <span class='ocrx_word' id='word_1_296' title='bbox 238 2659 321 2696; x_wconf 82' lang='lat' dir='ltr'><strong>errant.</strong></span> <span class='ocrx_word' id='word_1_297' title='bbox 349 2649 443 2693; x_wconf 78' lang='lat' dir='ltr'><strong>rriuunn</strong></span> <span class='ocrx_word' id='word_1_298' title='bbox 457 2659 487 2693; x_wconf 77' lang='lat' dir='ltr'><strong>ex</strong></span> <span class='ocrx_word' id='word_1_299' title='bbox 498 2644 563 2693; x_wconf 76' lang='lat' dir='ltr'><strong>didis</strong></span> <span class='ocrx_word' id='word_1_300' title='bbox 579 2652 650 2706; x_wconf 86' lang='lat' dir='ltr'><strong>patet.</strong></span> <span class='ocrx_word' id='word_1_301' title='bbox 671 2640 757 2693; x_wconf 83' lang='lat' dir='ltr'><strong>Azazel</strong></span> <span class='ocrx_word' id='word_1_302' title='bbox 769 2658 819 2693; x_wconf 91' lang='lat' dir='ltr'><strong>non</strong></span> <span class='ocrx_word' id='word_1_303' title='bbox 830 2652 899 2693; x_wconf 87' lang='lat' dir='ltr'><strong>notat</strong></span> <span class='ocrx_word' id='word_1_304' title='bbox 913 2643 1061 2695; x_wconf 86' lang='lat' dir='ltr'><strong>Diabolum..</strong></span> <span class='ocrx_word' id='word_1_305' title='bbox 1076 2643 1102 2694; x_wconf 74' lang='lat' dir='ltr'><strong>E,</strong></span> 
     </span>
     <span class='ocr_line' id='line_1_36' title="bbox 194 2707 1102 2775; baseline -0.002 -14"><span class='ocrx_word' id='word_1_306' title='bbox 194 2708 301 2775; x_wconf 83' lang='lat' dir='ltr'><strong>Populus</strong></span> <span class='ocrx_word' id='word_1_307' title='bbox 313 2710 357 2760; x_wconf 80' lang='lat' dir='ltr'><strong>filli</strong></span> <span class='ocrx_word' id='word_1_308' title='bbox 372 2710 454 2775; x_wconf 87' lang='lat' dir='ltr'><strong>nequit</strong></span> <span class='ocrx_word' id='word_1_309' title='bbox 468 2709 566 2759; x_wconf 88' lang='lat' dir='ltr'><strong>traditus</strong></span> <span class='ocrx_word' id='word_1_310' title='bbox 579 2707 686 2758; x_wconf 87' lang='lat' dir='ltr'><strong>Diabolo</strong></span> <span class='ocrx_word' id='word_1_311' title='bbox 703 2723 747 2758; x_wconf 85' lang='lat' dir='ltr'><strong>ceu</strong></span> <span class='ocrx_word' id='word_1_312' title='bbox 758 2707 860 2758; x_wconf 77' lang='lat' dir='ltr'><strong>tlzazeli.</strong></span> <span class='ocrx_word' id='word_1_313' title='bbox 896 2710 1002 2759; x_wconf 77' lang='lat' dir='ltr'><strong>Alterrun.</strong></span> <span class='ocrx_word' id='word_1_314' title='bbox 1020 2762 1022 2765; x_wconf 48' lang='grc'>,</span> <span class='ocrx_word' id='word_1_315' title='bbox 1045 2708 1102 2759; x_wconf 81' lang='lat' dir='ltr'><strong>Hir-</strong></span> 
     </span>
     <span class='ocr_line' id='line_1_37' title="bbox 195 2773 1102 2849; baseline -0.006 -22"><span class='ocrx_word' id='word_1_316' title='bbox 195 2792 237 2827; x_wconf 78' lang='lat' dir='ltr'><strong>rus</strong></span> <span class='ocrx_word' id='word_1_317' title='bbox 250 2776 280 2826; x_wconf 92' lang='lat' dir='ltr'><strong>ad</strong></span> <span class='ocrx_word' id='word_1_318' title='bbox 295 2776 382 2827; x_wconf 78' lang='lat' dir='ltr'><strong>Azazel</strong></span> <span class='ocrx_word' id='word_1_319' title='bbox 396 2773 515 2841; x_wconf 90' lang='lat' dir='ltr'><strong>populum</strong></span> <span class='ocrx_word' id='word_1_320' title='bbox 531 2775 715 2840; x_wconf 81' lang='lat' dir='ltr'><strong>immorigemm</strong></span> <span class='ocrx_word' id='word_1_321' title='bbox 730 2774 816 2826; x_wconf 82' lang='lat' dir='ltr'><strong>referre</strong></span> <span class='ocrx_word' id='word_1_322' title='bbox 830 2774 920 2839; x_wconf 75' lang='lat' dir='ltr'><strong>nequit,</strong></span> <span class='ocrx_word' id='word_1_323' title='bbox 947 2773 1010 2825; x_wconf 89' lang='lat' dir='ltr'><strong>Nam</strong></span> <span class='ocrx_word' id='word_1_324' title='bbox 1024 2775 1056 2825; x_wconf 82' lang='lat' dir='ltr'><strong>eli</strong></span> <span class='ocrx_word' id='word_1_325' title='bbox 1069 2773 1102 2849; x_wconf 60' lang='grc'><strong>31-1</strong></span> 
     </span>
    </p>

    <p class='ocr_par' dir='ltr' id='par_1_9' title="bbox 223 2849 1101 2890">
     <span class='ocr_line' id='line_1_38' title="bbox 223 2849 1101 2890; baseline -0.003 1"><span class='ocrx_word' id='word_1_326' title='bbox 223 2874 225 2876; x_wconf 96' lang='grc'>-</span> <span class='ocrx_word' id='word_1_327' title='bbox 1058 2849 1101 2890; x_wconf 84' lang='lat' dir='ltr'><strong>terr</strong></span> 
     </span>
    </p>
   </div>
   <div class='ocr_carea' id='block_1_8' title="bbox 0 0 1154 3134">
    <p class='ocr_par' dir='ltr' id='par_1_10' title="bbox 0 0 1154 3134">
     <span class='ocr_line' id='line_1_39' title="bbox 0 0 1154 3134; baseline 0 1"><span class='ocrx_word' id='word_1_328' title='bbox 0 0 1154 3134; x_wconf 95' lang='lat' dir='ltr'><strong> </strong></span> 
     </span>
    </p>
   </div>
  </div>
 </body>
</html>
