2297 3134
450 146 533 203 sevis.
547 144 624 204 XVI.
640 154 665 209 8·
980 168 1032 221 125⁴

121 257 152 304 hit
162 254 248 303 nitar-on
271 268 320 316 repar
337 254 389 307 altior
406 252 474 302 laireos
483 254 570 314 sortesi
595 260 675 305 Sortem
688 254 752 320 uriam
763 266 804 316 pro
820 254 917 315 jelaooat
934 258 1031 307 Alterum

117 334 158 383 pro
168 321 256 374 Arraei.
292 316 351 368 Duo
368 318 393 367 hi
408 318 468 367 hirci
488 318 551 369 disto
562 320 637 370 modo
649 320 770 370 constituti
783 320 855 369 varias
866 320 939 370 sortes
953 322 1030 374 subire

122 384 269 434 tenebantur.
303 381 389 432 Earum
405 382 574 434 determinatio
587 401 636 434 non
650 387 741 434 steterat
756 399 830 448 penes
843 385 978 449 populum,
992 389 1030 438 ael

121 452 190 499 etiam
202 446 347 497 Pontificem.
384 447 436 512 lpse
448 446 516 498 Deus
534 449 751 505 determinaverat,
769 453 819 499 noti
836 464 879 513 per
893 465 989 509 vocem,
1003 462 1030 504 ut

120 515 187 578 plura
204 513 258 569 alia,
277 529 325 561 riou
342 514 413 561 etiam
426 529 470 576 per
484 513 550 564 Urinr
574 516 598 563 dr
611 513 749 570 Tummim',
764 512 804 563 sed
817 529 861 578 per
872 513 1027 580 sortilegium.

116 579 246 630 l'roviduni
259 576 356 627 Numen
369 578 515 642 praeviderat,
531 578 597 644 quod
615 578 784 630 determinatio
802 588 933 630 eventuum
947 581 1030 646 singu.

37 659 39 661 ’
118 646 145 695 lis
162 646 228 693 anuis
243 643 379 707 repetenda.
425 641 508 703 Quare
525 643 670 708 sortilegium
692 660 738 709 prae
755 643 805 694 aliis
821 644 1029 697 determinationis

117 710 195 761 modis
209 708 326 774 selegerat.
379 704 490 758 Praeclare
506 707 555 759 huc
569 708 625 759 faeit
640 708 708 760 Prov.
725 708 794 761 XVI.
807 722 844 768 23.
866 715 949 760 tersia
958 712 1030 771 firma

113 777 246 842 projicitur3
263 775 360 822 verrtnrri
377 771 459 834 jehova
476 790 534 822 ornere
547 780 629 825 tullidn
646 777 753 836 Jrrdiu'mn
764 777 811 833 ejus.
865 775 941 826 Sottls
955 776 1029 838 jasius

118 841 217 890 minime
229 841 260 890 est
275 839 394 889 fortuitus.
443 836 548 890 Eventus
562 837 682 901 dependet
693 843 706 888 a
718 841 797 899 jndicio
812 845 859 889 Dei.
912 840 951 892 Est
968 841 1029 893 illud

117 905 193 971 ipsum
207 903 371 961 vocabulum,
395 904 463 969 quod
478 904 605 953 adhibetur
619 904 649 954 de
671 904 782 968 responso
800 904 883 955 divino
900 921 944 972 per
956 906 1027 958 Urim

116 984 140 1041 dt
157 982 294 1040 Tummim,
315 981 379 1032 utrde
388 981 492 1044 partam
505 980 572 1031 audit
586 984 657 1034 ttuttta
671 985 718 1048 trost]
728 982 830 1044 pastorale
837 984 921 1043 judieii.
948 981 1026 1035 Exod.

114 1046 233 1165 {ggtlllll
250 1061 285 1110 15.
310 1046 393 1099 divino
417 1046 497 1113 itaque
517 1046 608 1151 judicio
629 1054 729 1097 eventus
743 1043 875 1100 Hircorum
895 1046 1026 1102 definiendi

180 1210 203 1270 s.
223 1226 273 1273 ¹05·
292 1210 326 1261 Ut
335 1226 393 1261 vero
407 1209 558 1262 sortitionem
570 1208 633 1260 hane
645 1208 773 1268 distindius
786 1206 966 1277 intelligamus,
990 1221 1026 1264 at-

113 1278 238 1330 tendemus
253 1277 281 1327 ad
297 1276 416 1341 sequentia
432 1292 438 1325 ε
459 1276 485 1326 A.
499 1274 691 1330 Nomeusortis,
707 1272 734 1326 Β,
751 1274 904 1334 Numerum,
923 1276 951 1328 C.
968 1276 1025 1330 Ma.

114 1347 209 1400 teriora,
226 1342 257 1394 D.
266 1340 361 1393 Locum
376 1379 383 1399 ‚
403 1340 427 1392 Ε.
443 1341 651 1398 instrumentum,
671 1338 695 1390 F.
715 1340 809 1398 Usum,
836 1340 867 1393 G.
883 1340 1025 1408 Inscriptio-

113 1425 184 1467 nem,
205 1410 228 1458 ἃ
243 1406 273 1458 H.
290 1407 347 1464 alia,
363 1422 417 1472 quae
430 1406 459 1457 ad
472 1405 575 1461 modum
587 1403 700 1456 sortiendi
712 1404 822 1471 spedanr.
879 1465 881 1469 v

115 1583 117 1587 Α
174 1523 269 1583 §frua
287 1521 315 1573 t.
334 1521 435 1574 Nomen
450 1519 588 1572 hebraicum
604 1517 637 1571 est
654 1511 706 1571 lanu
723 1519 791 1588 quod
809 1519 909 1586 quidem
930 1521 1023 1590 lapilli.

110 1602 162 1645 me,
176 1588 236 1638 altra
251 1604 323 1654 quam
336 1586 482 1653 septuagies,
500 1588 524 1636 in
536 1584 603 1635 sacris
615 1583 706 1652 exstat,
724 1584 801 1635 lulum
812 1595 893 1636 tamen
908 1586 958 1639 fine
970 1604 1023 1640 ver.

109 1652 142 1702 bo
157 1664 196 1703 aut
206 1651 270 1702 affini
282 1653 388 1704 derivato
405 1653 529 1716 reperitur.
565 1649 642 1700 Notat
654 1660 734 1700 autem
747 1651 845 1715 proprie
861 1651 960 1711 sortem,
973 1653 1023 1709 five

53 1764 56 1768 .
108 1715 294 1768 lustramentum
310 1716 458 1768 sortitorium
476 1714 546 1767 Prot.
560 1713 629 1765 XVl.
648 1726 684 1773 33.
711 1716 778 1777 cujus
794 1714 847 1766 usus
864 1718 962 1775 varius,
979 1735 1023 1771 ve.

107 1780 151 1831 luti
164 1783 187 1830 in
205 1799 229 1832 re
239 1785 330 1834 incerta
345 1780 528 1845 determinanda
540 1779 601 1831 astu.
617 1778 657 1829 lll.
669 1792 690 1839 7.
707 1777 788 1836 Bonis,
807 1796 860 1845 quae
873 1783 1021 1845 quibusdam

107 1849 244 1897 communia
257 1847 317 1905 sunt,
330 1846 481 1904 dividendis,
498 1845 573 1896 Num.
586 1842 655 1895 XVl·
668 1851 704 1905 56.
740 1843 781 1894 Uti
797 1853 857 1896 terra
869 1845 967 1898 Canaan
985 1850 1021 1899 vi-

106 1909 214 1961 dricihus
228 1910 381 1962 israelitarum
395 1913 468 1961 armis
483 1917 620 1975 expugnata
637 1907 768 1960 interillos
783 1908 846 1959 sorte
861 1911 1020 1965 distribueba-

106 1983 150 2024 tur.
169 1973 238 2025 Conf.
255 1975 329 2024 Num.
340 1973 464 2027 XXXlll.
485 1987 519 2034 54,
541 1989 560 2021 1.
571 1972 661 2024 Chrou.
676 1970 776 2025 XXlV.
793 1987 813 2033 ς.
831 1974 913 2026 litibus
931 1977 1017 2029 linien.

105 2039 140 2090 dis
154 2037 221 2090 Prov.
235 2037 325 2090 XVlll.
345 2046 380 2095 18,
400 2039 424 2088 m
438 2038 478 2087 ¹his
494 2037 615 2087 fiiiiilibus.
651 2036 715 2098 Quia
729 2036 831 2089 sortibus
849 2039 963 2092 delinitur
975 2043 1016 2103 td,

105 2104 172 2170 quod
185 2115 328 2155 eventurum
340 2104 381 2160 est,
400 2101 474 2153 veluti
487 2101 627 2158 haereditas,
644 2116 698 2166 quae
714 2100 784 2153 alicui
798 2104 925 2171 obtingit,
944 2108 1017 2161 etiam

103 2169 155 2234 tm
172 2200 215 2231 run
224 2183 281 2243 [orn
293 2180 416 2245 delinitam,
435 2187 508 2243 prout
522 2177 560 2228 vel
575 2176 641 2227 bona
653 2175 692 2226 vel
704 2175 764 2227 mala
777 2177 817 2237 est,
833 2179 932 2231 indicat.
951 2179 1016 2234 Hinc

104 2269 215 2326 tanquam
232 2256 390 2326 aequipollens
409 2261 437 2302 et
452 2240 504 2323 pbri
520 2260 592 2320 portio
607 2253 697 2319 legitur
718 2252 765 2321 Jes.
777 2255 857 2308 XVll.
879 2272 915 2320 14
941 2256 1012 2310 Conf.

103 2333 149 2401 Jer.
163 2333 229 2385 Xlll.
244 2346 281 2393 25.
299 2332 331 2381 ita
346 2328 402 2396 Jud.
418 2326 436 2381 l.
455 2343 475 2390 3.
494 2327 556 2395 Juda
571 2329 600 2380 ad
615 2328 755 2381 Simeonem
770 2330 850 2382 dixit:
868 2331 961 2392 Ascende
972 2349 1015 2380 rne-

102 2426 148 2460 cma
162 2397 236 2460 'Satan
251 2414 273 2456 ia
280 2408 360 2468 firmem
370 2423 454 2462 aream,
474 2413 561 2456 terram
571 2404 634 2455 sorte
646 2404 705 2456 milri
721 2404 864 2533 alsianum.
877 2404 927 2472 Jos.
935 2403 1008 2459 XXl.

104 2496 139 2550 38.
159 2472 305 2536 rotimum
324 2484 457 2543 firrrrorum
471 2479 657 2529 urhrsdumlecim.
693 2478 746 2530 lmo
783 2492 817 2532 nu
829 2482 895 2542 sutis
912 2482 1012 2531 numine

100 2553 124 2601 id
136 2551 319 2616 insuperveuit,
339 2546 408 2612 quod
430 2547 485 2615 quis
504 2542 606 2608 pollidet
621 2543 685 2593 nulla
700 2547 798 2612 proprie
816 2545 876 2596 dieta
895 2546 957 2597 sorte
976 2548 1012 2596 in-

101 2616 244 2668 tercedente·
278 2610 443 2695 Pulcherrime
454 2609 556 2739 Messa}
565 2606 621 2747 {sal
634 2607 704 2688 Xlll.
718 2623 738 2675 5.
755 2610 870 2677 Jelroaaest
877 2617 949 2676 portio
957 2624 1012 2737 pratri}
