2297 3134
374 228 425 300 sas
443 227 507 297 >ol
527 224 573 294 da
902 231 970 291 aar&

45 335 413 431 *a*a***a*e*a*e*e*a*e
422 335 494 424 *ff*
498 335 553 423 4ὴὲ
559 322 728 419 alez-*sigaeis
732 323 768 412 *at
771 321 880 411 *asssessa
883 323 955 410 wele

254 536 736 661 ursrunruu

127 815 128 819 a
160 710 351 802 Solemnis
370 709 686 831 Expiationum
712 703 829 794 Diei.

107 891 128 950 §-
148 900 201 952 564.
223 890 311 938 Tondeat
327 890 409 937 adrem
423 889 493 953 ipsam
512 950 514 953 Ι
536 887 629 943 Labor,
649 887 718 953 isque
731 884 784 936 satis
802 878 915 933 molestus
928 878 953 929 in

44 956 206 1011 inveniendo,
226 954 376 1015 dijudicando
395 969 423 1003 ac
440 954 566 1016 probando
584 950 647 1002 sensu
665 951 762 1016 Legum
779 947 953 1022 lllosaicarum.

45 1036 97 1084 qua
111 1020 141 1069 de
160 1019 251 1078 solenni
266 1019 397 1072 Ministerio
419 1017 476 1069 Diei
494 1016 664 1082 Expiationum
680 1025 771 1080 agunt,
793 1013 887 1063 literalis
905 1027 952 1059 zon-

44 1085 113 1145 snosnr
128 1083 222 1134 nonnisi
235 1083 274 1134 ell.
300 1082 370 1135 Certe
382 1083 505 1148 indiguus,
520 1084 561 1148 qui
574 1090 682 1132 exerceat
690 1084 837 1144 interpretes
847 1093 888 1141 per
897 1076 951 1125 lon-

44 1151 97 1213 gius
114 1156 223 1213 tempus,
236 1148 277 1198 nis]
291 1149 373 1199 nobile
383 1147 526 1213 depingeret
543 1161 617 1211 corpus
629 1162 659 1196 ex
672 1146 750 1195 rendra
763 1146 807 1194 rite
819 1141 880 1208 pisia
898 1152 952 1206 tou)

45 1212 249 1277 dignoscendum
285 1211 436 1264 AEllimamus
451 1211 564 1277 pidaras,
581 1212 695 1268 umbras,
719 1226 773 1276 quae
786 1208 897 1275 personas
912 1213 953 1256 aut

44 1293 80 1328 res
95 1280 164 1328 nobis
178 1276 348 1328 chariffimas&
363 1277 484 1329 aestimatas
502 1279 562 1328 reiie
575 1277 686 1327 referunt
713 1276 816 1337 Quanto
829 1288 887 1339 ergo
904 1287 952 1321 nra·

44 1344 88 1406 jori
103 1345 181 1406 pretio
193 1342 306 1393 habemus
322 1345 416 1392 umbras
431 1342 589 1406 sapientissimi
599 1342 713 1393 Numinis
731 1341 778 1390 five
797 1338 875 1402 Leges
886 1352 951 1387 cere·

44 1406 174 1473 moniales,
194 1423 247 1472 quae
261 1406 354 1464 Deum,
375 1410 506 1473 praeprimis
525 1407 610 1458 Filium
627 1405 698 1463 Dei,'
709 1404 790 1471 jesum
810 1402 949 1458 Christum,

44 1473 92 1533 ejus
104 1471 243 1537 personam,
259 1482 365 1528 naturas,
380 1473 464 1529 slatus,
483 1488 595 1529 munera,
611 1471 740 1526 beneficia,
761 1470 839 1519 servos
854 1470 877 1517 de
893 1466 952 1516 fide-

40 1535 84 1592 les,
96 1535 237 1586 admirando
257 1537 403 1590 adumbrant,
416 1537 538 1599 penicillo.
590 1535 654 1586 Hinc
665 1537 690 1584 iu
709 1535 777 1584 sacris
794 1535 893 1583 veniunt
910 1531 951 1581 sub

44 1600 195 1657 oeoasppea„
210 1602 270 1657 σκιᾷ,
289 1617 325 1655 re,
340 1617 391 1666 quac
407 1602 477 1650 aliam
494 1602 591 1651 maximi
609 1601 728 1650 momenti
744 1600 858 1649 latentem
874 1596 952 1647 coust-

44 1666 170 1714 d'erandum
187 1664 255 1721 sistit,
269 1666 341 1715 docet
350 1681 377 1716 ac
387 1667 515 1730 promittit.
541 1682 561 1716 v.
571 1662 642 1715 Hebr.
660 1664 723 1715 Vlll.
738 1678 757 1723 5.
771 1662 816 1715 lx.
827 1676 863 1722 23.
884 1661 916 1714 X.
931 1676 952 1725 11.

44 1727 131 1778 Cololl]
144 1728 172 1779 ll.
186 1743 208 1788 7.
246 1730 351 1790 Quando
366 1746 423 1780 vero
438 1733 501 1780 inter
519 1745 603 1780 omnes
619 1731 713 1781 umbras
731 1730 821 1778 divinas
842 1727 906 1777 nulla
923 1726 953 1777 ad

44 1792 209 1843 excellentiam
222 1794 309 1857 hujus,
327 1811 397 1859 quam
413 1796 554 1852 tradamus,
574 1794 682 1857 assurgit,
692 1802 780 1858 'operae
792 1794 894 1858 pretium
912 1808 952 1841 me

42 1856 119 1907 fecrlse
134 1869 205 1921 puto,
219 1859 315 1923 quando
327 1875 376 1908 non
391 1859 440 1909 siue
454 1876 510 1910 cura
524 1875 607 1908 onmes
619 1860 668 1919 ejus
682 1859 756 1908 lineas
768 1896 774 1915 ,
787 1859 857 1908 etiam
874 1858 952 1907 lineo-

43 1923 89 1978 lae,
106 1921 213 1972 dillinile
225 1926 318 1978 notavi,
337 1924 421 1973 alienas
435 1939 535 1988 quoque
546 1923 627 1972 delevi.
661 1921 709 1973 Res
719 1923 741 1972 se
756 1922 827 1973 habet
843 1939 897 1973 curn
915 1924 951 1986 pi-

44 1986 159 2036 durahac
176 1987 269 2038 divina,
290 1989 497 2051 quemadmodum
515 2004 570 2039 cuni
582 1987 695 2038 artificiali
710 1989 821 2038 humana.
874 1987 951 2038 aanor

42 2062 125 2115 peccat
139 2061 191 2100 tuni
205 2051 355 2109 omittendo,
374 2052 441 2117 quod
454 2051 578 2116 personam
593 2055 621 2103 ab
634 2055 676 2103 alia
688 2053 825 2117 distinguit,
846 2065 897 2103 tum
908 2053 948 2103 ad-

43 2116 131 2172 dendo,
148 2116 216 2181 quod
231 2118 259 2165 ab
270 2133 295 2166 ea
308 2118 375 2166 abest.
417 2117 519 2167 Persona
534 2120 612 2175 enim,
630 2117 683 2184 quae
701 2118 888 2184 repraesentanda
901 2156 906 2175 ‚
921 2120 952 2169 ita

42 2181 80 2229 vel
94 2196 142 2229 non
161 2181 270 2244 dignosci
290 2183 382 2247 potest,
402 2183 439 2232 vel
454 2181 614 2247 fingituralia.
666 2183 726 2234 Haec
744 2184 791 2249 ipsa
805 2185 881 2235 studio
899 2184 952 2246 sunt

44 2245 149 2295 evitanda
160 2247 184 2295 in
199 2245 278 2297 studiis
296 2249 385 2312 typicis.
439 2247 522 2308 Quare
535 2250 685 2300 exercitatior
699 2250 724 2299 in
740 2253 768 2300 iis
785 2252 877 2301 vertiam
894 2251 952 2299 mihi

33 2309 107 2363 ‘dabit
124 2309 189 2360 haud
212 2327 264 2361 raro
278 2313 417 2363 minutiores
437 2316 640 2372 circumstantias,
657 2325 684 2365 ut
701 2315 829 2372 videntur,
846 2316 952 2378 longiori

43 2373 154 2437 indagine
169 2375 287 2426 scrutanti.
344 2378 396 2428 Una
410 2378 478 2429 litera
495 2380 532 2429 uel
553 2379 634 2430 omissa
649 2380 686 2429 vel
702 2378 754 2430 lisia
769 2381 880 2431 mutilum
896 2376 952 2430 litlit

43 2437 184 2502 Mysterium
201 2441 237 2489 vel
255 2443 325 2491 etiam
339 2444 476 2510 detorquet.
517 2445 589 2495 Sume
604 2445 743 2508 exemplum
757 2446 833 2507 :‘Qui
848 2447 951 2496 statuunt

43 2499 185 2553 Pontificem
200 2519 256 2553 cum
277 2508 378 2557 vestibus
396 2512 473 2560 aureis
488 2510 532 2563 hac
548 2511 585 2560 die
602 2508 766 2560 santiiffim-um
785 2510 898 2566 intrasse,
916 2523 950 2561 at-

44 2578 89 2626 que
99 2568 164 2618 lianc
175 2569 302 2620 introitum
320 2574 444 2637 mysticum
458 2576 567 2632 habent,
586 2591 634 2625 non
648 2572 748 2639 possunt
773 2593 823 2627 non
843 2591 947 2637 errrore-3

43 2627 101 2680 Non
125 2635 190 2682 enim
209 2637 284 2685 aureis
306 2638 528 2691 veliibus‘indutus
551 2641 631 2691 locum
651 2639 816 2693 sanililsrmum
836 2639 949 2706 ingressos

44 2701 98 2744 erat.
131 2695 211 2762 Hujus
223 2703 316 2767 generis
328 2703 395 2768 plura
408 2705 510 2758 dedusla
528 2708 635 2773 reperies.
787 2704 789 2707 ’

499 2800 609 2857 Aaa'
857 2809 951 2872 sim·
