2297 3134
146 210 203 268 233
493 197 575 255 Levis.
594 194 685 255 XVI.
697 214 739 258 20.
754 213 799 259 nt.

147 304 262 358 Pontifex
273 306 319 358 ibat
329 310 359 358 ad
372 309 451 359 hircum
468 305 596 370 ernzffininm.
642 305 701 359 Vox
713 312 797 359 :uwtn
820 305 843 358 h.
859 306 873 358 l.
888 304 972 372 nequit
985 302 1057 369 plene

150 372 246 438 accipi,
267 383 294 425 ut
305 373 354 425 aliis
369 376 392 424 in
413 372 471 423 locis
487 387 531 438 pro
547 373 651 431 vinima,
674 387 727 438 quae
766 387 795 422 eo
811 374 914 435 effletur,
928 379 954 422 ut
972 369 1056 419 nusie-

149 447 195 489 tur.
233 437 367 501 Quaeeuim
386 438 517 503 sequuntur
531 440 677 489 contrarium
689 438 815 501 postulant.
868 437 951 498 Quare
963 434 1056 497 nonnisi

149 505 246 569 accipin
258 505 287 554 de
299 502 441 554 addudione
458 518 538 553 coram
549 503 616 561 Deo,
631 519 676 570 qna
694 502 805 553 Pontifex
816 518 872 553 cum
887 503 956 553 hirco
970 499 1056 551 dirette

149 584 234 620 eoram
253 568 311 619 secie
331 567 400 626 Dei,
421 567 553 633 symbolice
570 567 733 620 [nudissimum
748 567 921 624 inhabitantis,
940 567 1011 617 stabnt
1029 573 1056 616 ut

149 633 276 699 publicum
291 632 390 684 exstaret
401 631 578 686 Testimonium
591 635 653 686 assus
665 634 788 700 sequentes
802 648 884 685 coram
896 631 952 684 Deo
961 634 1006 696 agi.

214 744 236 802 p.
251 753 303 802 314.
325 739 434 807 Tempus
449 740 597 793 addudionis
613 743 748 795 indicatur:
775 746 883 807 Postquam
901 739 1055 805 (Pontifex)

147 806 259 867 nbfirlverit
275 811 358 870 expiare
368 808 465 869 fandum
482 809 537 855 illud
549 808 578 866 ἓξ
595 816 706 859 tentorium
724 814 843 859 Conventus
860 807 891 865 ἐξ
901 809 968 857 altare
984 807 1055 862 illud,

148 870 323 922 tumnddueet.
378 872 465 923 Codex
480 871 594 924 Hebraeus
617 889 667 924 non
694 873 792 939 quidem
812 872 895 924 diserte
913 872 973 937 legit
996 881 1055 920 nnn

144 939 269 1001 postpone,
285 936 323 986 sed
339 923 397 989 ullu
411 937 441 995 sd
455 937 548 998 assernit.
584 937 747 990 Nihilominus
760 954 815 990 rum
830 938 912 990 multis
927 940 976 989 aliis
988 946 1055 988 verto

144 1005 268 1066 postquam,
286 1001 428 1053 admittente
447 1003 561 1067 particula
576 1015 583 1056 t
607 1003 679 1064 (vid.
703 1006 792 1066 Note.)
811 1005 835 1054 de
846 1003 915 1054 ,senl'u
933 1001 1052 1069 poscente.

147 1073 210 1124 Vox
222 1062 271 1127 ult:
284 1090 342 1126 vero
355 1076 548 1137 notatabfirlvere,
561 1078 595 1127 rei
608 1076 772 1143 colophonem
787 1079 928 1143 imponere,
943 1091 1016 1142 quere
1029 1082 1058 1125 ut

148 1148 289 1216 opposrtum
306 1155 335 1195 n?
346 1136 397 1203 ltun
411 1153 435 1200 in
449 1151 606 1203 sacrisexstet
621 1151 680 1203 Gen.
695 1152 786 1205 XLIV.
808 1167 845 1204 12.
864 1155 878 1200 t
891 1159 982 1200 maximo
1002 1147 1056 1200 krun

146 1224 171 1275 ἃ
184 1231 207 1273 iu
220 1229 306 1274 minimo
323 1206 373 1274 ul:
386 1226 475 1289 finiebat
500 1241 519 1274 1.
535 1224 624 1277 Cltrun.
640 1223 746 1276 XXVll.
765 1237 804 1285 24.
821 1223 876 1286 Jonb
892 1225 956 1275 Filius
976 1227 1055 1286 Zeruje

149 1288 227 1353 mmlx
248 1287 300 1352 ‘tun
315 1314 399 1364 ceperat
413 1319 523 1351 nurnernre
537 1302 567 1362 ἓξ
582 1320 622 1351 uon
642 1292 691 1353 1752
698 1306 765 1366 finiit.
786 1301 851 1359 conf.
871 1300 946 1353 Ruth.
958 1302 998 1355 Ill.
1018 1312 1054 1361 18.

147 1382 214 1432 unde
226 1379 307 1432 Lxx.
322 1397 364 1446 per
380 1385 487 1431 συντελεῖν.
499 1379 607 1433 Oncelos
619 1398 623 1430 :
635 1384 685 1432 nn«
703 1379 822 1445 Jonathuu
837 1386 887 1449 pun
902 1380 1054 1433 transferunt.

148 1445 225 1497 Caret
245 1462 304 1511 ergo
320 1448 360 1496 lex
378 1447 407 1497 de
423 1447 508 1497 ordine
532 1447 682 1496 suessionum
701 1448 785 1497 harum
802 1456 883 1497 curate
896 1445 1051 1498 observando.

148 1508 252 1562 Hireum
272 1513 354 1560 viurnn
373 1528 423 1561 non
439 1513 504 1576 prius
523 1511 708 1567 adducendum,
727 1525 799 1575 quam
819 1509 932 1561 Pontifex
949 1511 1055 1562 obsolue-

148 1577 180 1626 rit
194 1574 371 1639 Expietionem,
383 1589 409 1625 ut
425 1576 643 1625 &mundationem
662 1574 918 1633 &sendificetionem³
935 1591 988 1641 quae
1002 1577 1055 1626 duae

148 1642 224 1706 priori
234 1638 474 1703 comprehenduntur
488 1657 494 1699 3
513 1637 542 1689 Et
561 1640 657 1704 quidem
672 1639 838 1704 Expintionem
860 1649 932 1708 nuper
947 1640 1014 1700 scintis
1027 1642 1056 1689 il·

148 1707 190 1754 lius
199 1704 248 1754 sive
259 1702 388 1754 sandissrmi
411 1704 454 1764 (v.
468 1714 502 1755 16.
522 1706 542 1766 §.
555 1714 606 1754 260.
623 1706 700 1767 261.)
717 1703 781 1755 Dein
793 1708 881 1754 tentorii
896 1710 1013 1756 Conventus
1022 1705 1055 1757 sa-

148 1770 184 1821 de
195 1767 312 1835 sparsione
325 1768 402 1820 versus
422 1769 520 1827 velum,
540 1770 563 1819 &
579 1770 681 1835 denique
698 1772 771 1819 altaris
783 1769 864 1829 sussen
881 1769 989 1820 iudendo
1003 1770 1054 1822 snu-

147 1835 248 1900 guinem
261 1834 384 1884 cornubus
402 1833 426 1884 &
444 1843 587 1899 tegumento
602 1834 683 1886 altaris.
716 1832 751 1884 Ex
765 1833 814 1884 hoc
826 1833 911 1884 ordine
925 1834 986 1885 reste
1003 1835 1053 1887 eol·

148 1900 233 1964 ligitur
252 1897 411 1949 dimiffionem
429 1897 499 1963 hujus
512 1898 572 1949 hirci
591 1898 725 1965 dependere
739 1899 767 1950 ab
778 1897 940 1964 Expietione,
959 1907 1010 1950 tum
1028 1902 1054 1952 in

147 1972 225 2031 typo,
238 1973 292 2015 tum
308 1963 332 2014 &
346 1965 448 2015 maxime
459 1967 576 2030 antitypo.
605 1972 609 1976 “

213 2061 234 2120 §.
251 2073 303 2122 315.
322 2061 446 2118 Alterum,
468 2062 535 2128 quod
554 2062 674 2114 antecedit»
691 2062 723 2112 est
739 2061 870 2125 χειροθεσιάι.
906 2067 957 2111 Tum
966 2061 1054 2112 Alienon

146 2127 218 2176 aurbus
227 2143 299 2174 mutius
304 2126 355 2187 siras
363 2129 427 2190 snper
440 2141 501 2190 capnt
511 2126 563 2176 ltirci
573 2128 628 2177 illius
635 2134 680 2176 eivs
685 2141 754 2190 ponet.
764 2143 785 2177 v.
795 2141 833 2177 21.
841 2127 958 2177 Ahutonis
971 2126 1053 2179 diserta

147 2190 176 2242 fit
183 2191 284 2246 mentio,
296 2192 351 2254 quie
358 2205 473 2241 munuum
483 2191 602 2257 imposrtio
612 2193 673 2245 haud
688 2192 720 2242 est
731 2208 762 2242 ex
769 2190 1054 2242 funeronibusSacerdo-

147 2256 235 2306 talibus
249 2256 311 2305 circa
326 2254 451 2305 vinimam
501 2255 566 2307 Laiei
586 2272 683 2323 quoque
699 2258 736 2318 jus
748 2256 880 2307 habuerunt
892 2270 976 2307 manus
989 2257 1051 2307 visti·

147 2322 194 2370 mis
208 2319 357 2383 imponendi.
376 2319 443 2376 (vid.
459 2319 539 2383 uiffim.
562 2320 575 2371 lt
592 2337 630 2371 me
641 2320 785 2387 publicatam
799 2320 824 2368 de
832 2321 976 2382 firneiimibns
991 2323 1052 2371 laico-

146 2404 197 2435 rum
210 2390 265 2434 circa
276 2385 323 2432 etsi.
338 2389 349 2444 )
369 2382 492 2448 Excipitur
504 2387 574 2434 etiarn
585 2386 633 2435 hoe
649 2386 752 2435 maxime
766 2383 863 2434 solenne
877 2386 1002 2448 publicum
1013 2385 1052 2437 Sn-

146 2448 271 2501 err'fieium.
320 2447 398 2498 Solius
411 2447 532 2498 Pontificis
548 2459 596 2498 erat
610 2465 692 2499 manus
709 2449 778 2499 hirco
792 2448 847 2507 illi,
864 2452 920 2500 vivo
934 2450 968 2500 illi
986 2451 997 2510 ί
1011 2451 1052 2501 de-

147 2531 200 2564 nuo
215 2513 245 2564 ed
268 2512 397 2576 subjesrum
415 2513 623 2564 determinandum
640 2515 680 2564 lex
700 2513 791 2576 precise
811 2513 871 2565 illud
887 2515 1051 2578 determinet)

145 2595 232 2631 rnenus
248 2579 382 2643 imponere.
417 2577 475 2628 Vox
490 2578 611 2644 originalis
625 2590 676 2644 uno
690 2578 823 2643 significans
837 2580 870 2630 est
884 2580 908 2629 δι
920 2588 989 2629 notet
1000 2589 1052 2631 non

141 2644 281 2710 simpliciter
291 2658 384 2708 ponere,
400 2641 437 2692 sed
450 2649 514 2694 innui
526 2680 533 2701 ,
544 2645 623 2708 flilcire
638 2659 734 2703 manue,
751 2642 848 2695 intensrs
866 2658 981 2711 manuum
997 2646 1051 2695 viri-

139 2711 184 2762 bus
197 2710 284 2767 inultm
308 2723 359 2773 quo
376 2707 472 2761 assedus
492 2710 579 2761 mentis
592 2711 749 2776 exprimetur*
770 2709 835 2761 cons.
852 2707 907 2774 Jud.
928 2707 997 2762 XVI.
1012 2724 1050 2827 αξ

1010 2791 1052 2827 ur
