2297 3134
407 150 495 210 Leoii.
509 145 604 208 XVI.
620 144 666 211 212
925 163 981 218 239

70 268 110 319 ubi
126 264 216 317 Simson
229 264 315 317 dicitur
335 272 401 330 unm
414 269 504 311 inuitem
517 259 638 311 columnis
651 255 745 307 domus.
779 252 872 305 Heoraer
888 255 980 322 duplici

70 349 100 384 ex
112 331 185 395 scopo
202 347 284 382 manus
301 332 426 395 imponere
442 326 503 376 soliti
517 336 598 382 erant,
615 334 667 373 tum
684 320 712 372 ud
733 319 905 370 conferendum
930 324 974 373 bo.

69 413 140 455 num,
154 399 266 463 Spiritum
274 398 327 450 Dei.
340 394 415 445 Num.
425 389 534 442 XXVll.
549 399 584 447 18.
603 388 675 440 Deut.
693 383 819 439 XXXIV.
835 401 857 460 2.
865 385 935 436 Unde
948 389 973 438 in

68 462 100 515 Ν,
111 461 263 513 Tellomento
284 475 338 511 mos
359 456 464 508 urenevit
482 470 565 504 manus
584 454 727 520 imponendi
744 451 773 503 ad
791 450 972 509 ordinandum,

68 528 259 579 benedicendum
268 540 291 577 2.
301 524 365 575 Tim.
375 524 392 573 l.
404 527 426 568 6.
440 518 505 568 Tum
517 519 546 568 ad
554 517 734 581 imprecandum
744 515 806 568 mula
816 514 973 571 terXXlu.

71 607 106 655 14.
139 592 198 654 Quo
210 593 284 658 scopo
298 603 382 639 manus
397 583 506 634 hilosticis
519 583 705 646 irupdnebriutur
721 584 749 635 ad
764 581 919 633 indicandum
934 581 976 632 de«

68 661 150 709 voveri
167 657 206 708 illo
221 659 244 707 &
260 654 319 705 tradi
337 651 367 702 ud
386 651 445 698 irum
459 647 572 698 Numinis
587 647 714 698 serendum.
767 647 851 709 Quem
866 648 889 697 in
902 645 976 697 finem

68 723 216 789 imponendav
225 733 323 786 quoque
343 722 392 765 erat
406 721 508 777 utraque
527 727 617 763 munus.
663 713 733 764 Nisus
745 715 825 779 itaque
837 713 913 777 longe
925 712 975 762 sor-2

67 789 114 838 tior
129 797 182 838 erut.
217 783 326 838 Accedit,
344 776 412 845 quod
428 792 511 827 tironus
524 778 671 842 imponenda
679 780 742 842 super
754 778 891 842 capmhirci.
927 777 974 829 Cu=

85 863 111 903 ut
127 848 231 902 animalis
249 861 302 911 pars
327 843 438 909 corporis
459 840 641 907 praestantissimo
658 844 681 893 dc
697 845 721 892 in
737 859 784 908 qua
798 845 845 893 vita
859 842 971 894 consistit

66 868 138 968 finde
155 912 267 963 docharius
281 915 303 958 in
318 914 406 962 Hieroz.
425 906 454 958 T.
470 906 486 958 Ι.
510 905 538 959 L.
554 906 582 956 ll.
601 907 628 958 C.
652 906 715 958 LIV.
730 924 753 974 p.
768 915 822 967 657.
842 907 973 957 observavit

66 979 165 1029 similem
180 991 271 1025 morem
283 973 312 1023 od
325 972 456 1039 AEgyptios
473 970 611 1029 dinianasse‚
626 973 736 1038 ceuqui,
756 973 814 1022 teste
825 970 971 1029 Heredum,

70 1041 241 1091 execrabantur
257 1039 404 1090 villimarurn
419 1038 495 1102 capita
510 1039 533 1086 iu
549 1037 600 1087 hoec
617 1037 687 1087 verbu
704 1053 709 1088 ι
731 1043 761 1088 Ur
772 1037 793 1099 fi
808 1038 860 1100 quid
873 1038 924 1086 rrali
935 1048 974 1085 aro

64 1108 72 1150 i
82 1107 109 1168 fir
123 1106 275 1155 immolantibus
285 1118 324 1153 mit
334 1110 375 1153 toti
388 1110 480 1167 AEgypto
485 1104 590 1167 futurum
593 1103 629 1164 fit,
640 1104 664 1154 id
674 1108 696 1152 in
705 1101 742 1153 hoc
755 1115 817 1166 caput
828 1115 972 1154 commetitur⁰

131 1220 152 1275 ς,
173 1224 225 1276 316.
243 1214 361 1273 Tertium,
373 1214 441 1282 quod
453 1229 510 1270 cum
523 1213 679 1266 antecedente
691 1212 921 1277 coniuntiilllmum‚
938 1215 973 1267 est

62 1283 151 1348 coufrffio
159 1294 290 1345 peccatorum
300 1280 394 1346 populi.
437 1286 464 1328 Er
478 1280 610 1344 confitebitur
616 1281 681 1343 super
691 1280 751 1329 illum
768 1297 836 1329 omnes
843 1279 969 1344 perverfita·

62 1360 92 1396 tes
102 1349 203 1399 Filiorum
218 1346 282 1406 lsrael
291 1346 321 1404 ἓξ
335 1363 403 1394 omues
413 1345 533 1408 defedionrs
548 1362 625 1403 eorum,
634 1344 704 1407 qrroad
716 1350 785 1393 omnia
796 1357 878 1408 peccota
890 1362 971 1397 eorunm

63 1411 131 1462 Ritus
143 1412 234 1461 externi
249 1411 356 1460 insectis
376 1410 498 1474 pullulant
513 1409 602 1464 verbu,
625 1425 677 1474 quae
693 1408 813 1459 declarant
831 1424 917 1459 eorum
933 1411 971 1459 in-

65 1479 204 1526 tentionem.
241 1474 296 1526 Sola
308 1475 437 1537 χειροθεσία,
451 1474 549 1523 minime
560 1471 690 1531 sufficeret,
706 1472 810 1537 essetque
823 1473 882 1524 aelio
895 1470 972 1530 durior

62 1556 90 1590 uc
103 1538 158 1590 Deo
171 1541 267 1605 ingrata.
306 1539 364 1590 Vim
381 1539 421 1589 illa
436 1540 524 1603 accipit
540 1536 553 1588 ‘a
571 1538 716 1589 consessione
729 1549 884 1604 peccatorum
900 1574 907 1596 ,
924 1554 973 1605 qua

36 1659 38 1661 ,
62 1604 175 1656 Pontifex
189 1604 315 1656 testabatur
331 1605 353 1654 se
371 1605 443 1669 cupiti
458 1603 518 1654 hirci
533 1603 619 1668 populi
636 1613 745 1667 peccata,
759 1616 812 1666 quet
824 1602 970 1663 confitetur,

62 1672 193 1735 imponere.
243 1668 369 1720 Probabile
379 1671 431 1727 est,
459 1668 527 1735 quod
540 1667 612 1731 ,ioaclt
630 1675 723 1733 Largius
733 1671 763 1718 ud
776 1668 795 1719 l.
808 1670 823 1718 l.
841 1668 967 1727 observat,

62 1735 131 1784 etiam
146 1745 214 1792 tum,
235 1735 332 1800 quando
347 1734 388 1785 lex
406 1733 478 1785 solius
498 1735 631 1798 pergamum<
645 1735 772 1791 meminit,
797 1731 971 1784 confessionem

60 1797 127 1913 suilise
138 1799 254 1916 melatllll]
271 1802 403 1858 omnium,
422 1800 527 1850 maxime
542 1799 640 1865 quondo
660 1799 751 1850 viiiinro
765 1797 890 1866 peculiaris
903 1807 968 1857 erat,

61 1867 134 1915 reuti
166 1880 201 1915 er.
254 1879 357 1925 .4..29.

125 1962 145 2020 §.
162 1974 212 2021 317.
232 1959 290 2011 Vox
304 1973 385 2013 trtrrm
404 1961 567 2013 communiter
588 1961 688 2012 vertitur
707 1975 750 2026 per
762 1964 859 2025 confieri.
900 1960 970 2014 Con-

60 2027 172 2082 veniunt,
188 2035 311 2091 quotquot
325 2026 374 2091 legi
390 2063 396 2083 ,
413 2026 531 2077 versiones
546 2027 733 2091 &interpretes,
748 2035 800 2076 tum
816 2025 897 2091 prisci,
915 2038 969 2078 tuni

61 2093 219 2148 recentiores,
236 2091 252 2140 li
265 2092 355 2156 excipis
367 2092 562 2148 translationem,
585 2106 638 2157 quoe
650 2093 767 2156 reperitur
779 2092 842 2157 apud
853 2093 926 2141 Polum
940 2090 971 2143 ad

61 2157 85 2206 h.
98 2156 111 2206 l.
128 2158 227 2219 projicere
245 2157 310 2222 faciet
329 2156 398 2221 super
415 2155 492 2221 ipsum
512 2172 612 2222 poenum
630 2157 790 2221 iniquitatum.
846 2156 915 2208 Malo
930 2156 969 2208 liic

62 2221 239 2272 multitudinem
253 2221 317 2287 sequi
337 2237 392 2272 curn
408 2219 578 2272 sufficientibus
596 2223 742 2279 rationibus,
761 2236 831 2284 quarn
846 2236 921 2273 unum
936 2222 970 2273 ul·

61 2297 169 2337 rerumve
185 2287 272 2352 ubsque
289 2285 342 2336 illis.
378 2285 413 2337 Ex
429 2286 568 2338 induitione
584 2287 696 2338 locorum
716 2286 807 2337 constat
823 2286 969 2339 vocabulum

62 2351 110 2402 lioc
127 2353 252 2400 notionem
266 2352 376 2415 commende·
390 2364 473 2416 peccota
487 2359 568 2403 tenere
582 2350 638 2403 Lev.
654 2350 684 2401 V.
699 2365 718 2413 5.
737 2348 835 2402 XXVI.
846 2365 884 2413 40.
905 2351 967 2403 Dan.

61 2415 106 2467 lX.
124 2429 161 2466 20,
180 2414 242 2466 Neh.
254 2414 297 2467 IX.
316 2430 334 2475 3.
356 2416 546 2469 Circumliantiae
559 2417 615 2468 dein
627 2415 786 2482 significatum
797 2417 908 2482 probant.
924 2415 970 2468 te-

61 2481 160 2545 gislator
171 2498 181 2530 rr
191 2481 219 2530 rit
233 2479 263 2530 de
275 2482 399 2544 morituti
411 2482 518 2533 socienda
530 2484 555 2533 in
572 2494 643 2547 ceput
660 2481 720 2533 hirci
735 2519 742 2540 ,
758 2482 788 2532 de
800 2483 902 2547 peccatis
922 2482 970 2532 tol·

61 2546 144 2596 lendis.
181 2497 260 2607 &uam
275 2547 526 2599 convenientifflmum
540 2549 624 2615 igitur,
638 2557 665 2597 ut
675 2547 760 2612 populi
775 2556 870 2611 peccatu
885 2562 967 2598 corum

60 2608 117 2660 Deo
132 2610 267 2662 confitenda
291 2612 463 2664 transferuntur
482 2615 505 2662 in
522 2611 659 2665 sacrificium
676 2611 800 2676 piaculare.
849 2611 969 2674 Objicitur

61 2672 112 2737 (a)
129 2676 287 2729 radicemur»
310 2685 395 2728 notare
413 2681 522 2742 projicere.
557 2677 663 2736 Verum,
679 2677 719 2729 sed
737 2690 861 2743 nunquam
880 2686 968 2729 unlutr-

916 2737 969 2801 Qut
