<?xml version="1.0" encoding="UTF-8"?>
<!DOCTYPE html PUBLIC "-//W3C//DTD XHTML 1.0 Transitional//EN"
    "http://www.w3.org/TR/xhtml1/DTD/xhtml1-transitional.dtd">
<html xmlns="http://www.w3.org/1999/xhtml" xml:lang="en" lang="en">
 <head>
  <title>
</title>
<meta http-equiv="Content-Type" content="text/html;charset=utf-8" />
  <meta name='ocr-system' content='tesseract 3.04.00' />
  <meta name='ocr-capabilities' content='ocr_page ocr_carea ocr_par ocr_line ocrx_word'/>
</head>
<body>
  <div class='ocr_page' id='page_1' title='image "./MN40369ucmf_0/MN40369ucmf_0_0219.png"; bbox 0 0 2297 3134; ppageno 0'>
   <div class='ocr_carea' id='block_1_1' title="bbox 388 133 1029 199">
    <p class='ocr_par' dir='ltr' id='par_1_1' title="bbox 388 133 1029 199">
     <span class='ocr_line' id='line_1_1' title="bbox 388 133 1029 199; baseline -0.006 0"><span class='ocrx_word' id='word_1_1' title='bbox 388 140 472 199; x_wconf 81' lang='lat' dir='ltr'>Lavit.</span> <span class='ocrx_word' id='word_1_2' title='bbox 485 137 577 198; x_wconf 85' lang='lat' dir='ltr'><em>XVI.</em></span> <span class='ocrx_word' id='word_1_3' title='bbox 591 141 633 197; x_wconf 65' lang='lat'>102</span> <span class='ocrx_word' id='word_1_4' title='bbox 910 133 961 197; x_wconf 78' lang='lat'>161</span> <span class='ocrx_word' id='word_1_5' title='bbox 1027 191 1029 195; x_wconf 88' lang='grc'><em>,</em></span> 
     </span>
    </p>
   </div>
   <div class='ocr_carea' id='block_1_2' title="bbox 51 242 960 324">
    <p class='ocr_par' dir='ltr' id='par_1_2' title="bbox 51 242 960 324">
     <span class='ocr_line' id='line_1_2' title="bbox 51 242 960 324; baseline -0.022 -8"><span class='ocrx_word' id='word_1_6' title='bbox 51 267 96 321; x_wconf 86' lang='lat' dir='ltr'>IV.</span> <span class='ocrx_word' id='word_1_7' title='bbox 113 260 204 316; x_wconf 85' lang='lat' dir='ltr'>Messias</span> <span class='ocrx_word' id='word_1_8' title='bbox 215 259 261 311; x_wconf 85' lang='lat' dir='ltr'>fide</span> <span class='ocrx_word' id='word_1_9' title='bbox 272 255 397 324; x_wconf 80' lang='lat' dir='ltr'><strong>respiciens</strong></span> <span class='ocrx_word' id='word_1_10' title='bbox 409 249 439 302; x_wconf 85' lang='lat' dir='ltr'>ad</span> <span class='ocrx_word' id='word_1_11' title='bbox 452 247 514 298; x_wconf 88' lang='lat' dir='ltr'>hanc</span> <span class='ocrx_word' id='word_1_12' title='bbox 528 246 697 302; x_wconf 85' lang='lat' dir='ltr'>sortitionem,</span> <span class='ocrx_word' id='word_1_13' title='bbox 715 242 797 295; x_wconf 88' lang='lat' dir='ltr'>Deum</span> <span class='ocrx_word' id='word_1_14' title='bbox 811 243 902 311; x_wconf 80' lang='lat' dir='ltr'>alloqui</span> <span class='ocrx_word' id='word_1_15' title='bbox 917 245 960 296; x_wconf 81' lang='lat' dir='ltr'>ha·</span> 
     </span>
    </p>
   </div>
   <div class='ocr_carea' id='block_1_3' title="bbox 82 314 959 465">
    <p class='ocr_par' dir='ltr' id='par_1_3' title="bbox 82 314 959 465">
     <span class='ocr_line' id='line_1_3' title="bbox 83 314 958 401; baseline -0.025 -6"><span class='ocrx_word' id='word_1_16' title='bbox 83 347 160 399; x_wconf 84' lang='lat' dir='ltr'>betur,</span> <span class='ocrx_word' id='word_1_17' title='bbox 178 337 259 401; x_wconf 79' lang='lat' dir='ltr'>Jeltova</span> <span class='ocrx_word' id='word_1_18' title='bbox 271 338 340 396; x_wconf 79' lang='lat' dir='ltr'>portin</span> <span class='ocrx_word' id='word_1_19' title='bbox 348 333 417 392; x_wconf 78' lang='lat' dir='ltr'>partis</span> <span class='ocrx_word' id='word_1_20' title='bbox 425 345 472 375; x_wconf 80' lang='lat' dir='ltr'>mee</span> <span class='ocrx_word' id='word_1_21' title='bbox 487 325 517 384; x_wconf 60' lang='grc' dir='ltr'>ἓξ</span> <span class='ocrx_word' id='word_1_22' title='bbox 534 326 588 374; x_wconf 84' lang='lat' dir='ltr'>calix</span> <span class='ocrx_word' id='word_1_23' title='bbox 599 341 660 374; x_wconf 75' lang='lat' dir='ltr'>arteris.</span> <span class='ocrx_word' id='word_1_24' title='bbox 692 328 722 371; x_wconf 83' lang='lat' dir='ltr'>Tar</span> <span class='ocrx_word' id='word_1_25' title='bbox 727 323 826 385; x_wconf 64' lang='lat' dir='ltr'>satientur</span> <span class='ocrx_word' id='word_1_26' title='bbox 839 314 898 373; x_wconf 56' lang='lat' dir='ltr'>tlt&#39;tu</span> <span class='ocrx_word' id='word_1_27' title='bbox 908 324 958 384; x_wconf 75' lang='lat' dir='ltr'>firr-</span> 
     </span>
     <span class='ocr_line' id='line_1_4' title="bbox 82 384 959 465; baseline -0.024 -7"><span class='ocrx_word' id='word_1_28' title='bbox 82 424 123 461; x_wconf 81' lang='lat' dir='ltr'>tem</span> <span class='ocrx_word' id='word_1_29' title='bbox 134 422 210 460; x_wconf 76' lang='lat' dir='ltr'>raram,</span> <span class='ocrx_word' id='word_1_30' title='bbox 219 403 284 465; x_wconf 80' lang='lat' dir='ltr'>fiores</span> <span class='ocrx_word' id='word_1_31' title='bbox 294 396 412 446; x_wconf 81' lang='lat' dir='ltr'>ceciderunt</span> <span class='ocrx_word' id='word_1_32' title='bbox 424 390 475 439; x_wconf 80' lang='lat' dir='ltr'>milti</span> <span class='ocrx_word' id='word_1_33' title='bbox 489 397 511 438; x_wconf 87' lang='lat' dir='ltr'>in</span> <span class='ocrx_word' id='word_1_34' title='bbox 525 390 693 444; x_wconf 74' lang='lat' dir='ltr'>anruttitatil1t55</span> <span class='ocrx_word' id='word_1_35' title='bbox 712 393 779 436; x_wconf 80' lang='lat' dir='ltr'>Etiam</span> <span class='ocrx_word' id='word_1_36' title='bbox 795 384 900 436; x_wconf 72' lang='lat' dir='ltr'>baereditas</span> <span class='ocrx_word' id='word_1_37' title='bbox 912 408 959 437; x_wconf 84' lang='lat' dir='ltr'>ntea</span> 
     </span>
    </p>
   </div>
   <div class='ocr_carea' id='block_1_4' title="bbox 80 452 958 791">
    <p class='ocr_par' dir='ltr' id='par_1_4' title="bbox 80 452 958 791">
     <span class='ocr_line' id='line_1_5' title="bbox 83 452 957 535; baseline -0.016 -18"><span class='ocrx_word' id='word_1_38' title='bbox 83 474 142 535; x_wconf 62' lang='lat' dir='ltr'>(est)</span> <span class='ocrx_word' id='word_1_39' title='bbox 157 468 244 534; x_wconf 78' lang='lat' dir='ltr'>palestra</span> <span class='ocrx_word' id='word_1_40' title='bbox 256 464 317 526; x_wconf 73' lang='lat' dir='ltr'>snper</span> <span class='ocrx_word' id='word_1_41' title='bbox 328 478 365 508; x_wconf 76' lang='lat' dir='ltr'>nte</span> <span class='ocrx_word' id='word_1_42' title='bbox 397 456 452 507; x_wconf 86' lang='lat' dir='ltr'>Psal.</span> <span class='ocrx_word' id='word_1_43' title='bbox 467 455 533 508; x_wconf 85' lang='lat' dir='ltr'>XVI.</span> <span class='ocrx_word' id='word_1_44' title='bbox 552 469 570 516; x_wconf 89' lang='lat'>5.</span> <span class='ocrx_word' id='word_1_45' title='bbox 583 463 604 513; x_wconf 79' lang='lat'>6.</span> <span class='ocrx_word' id='word_1_46' title='bbox 639 452 728 505; x_wconf 73' lang='lat' dir='ltr'>Melia</span> <span class='ocrx_word' id='word_1_47' title='bbox 740 454 804 502; x_wconf 91' lang='lat' dir='ltr'>enim</span> <span class='ocrx_word' id='word_1_48' title='bbox 823 453 894 502; x_wconf 87' lang='lat' dir='ltr'>verba</span> <span class='ocrx_word' id='word_1_49' title='bbox 910 453 957 503; x_wconf 85' lang='lat' dir='ltr'>esse</span> 
     </span>
     <span class='ocr_line' id='line_1_6' title="bbox 82 515 957 589; baseline -0.024 0"><span class='ocrx_word' id='word_1_50' title='bbox 82 538 160 589; x_wconf 86' lang='lat' dir='ltr'>nullus</span> <span class='ocrx_word' id='word_1_51' title='bbox 175 530 323 585; x_wconf 83' lang='lat' dir='ltr'>Christianus</span> <span class='ocrx_word' id='word_1_52' title='bbox 336 524 434 573; x_wconf 87' lang='lat' dir='ltr'>dubitat.</span> <span class='ocrx_word' id='word_1_53' title='bbox 472 520 590 585; x_wconf 83' lang='lat' dir='ltr'>Loquitur</span> <span class='ocrx_word' id='word_1_54' title='bbox 606 520 635 568; x_wconf 88' lang='lat' dir='ltr'>de</span> <span class='ocrx_word' id='word_1_55' title='bbox 650 530 727 569; x_wconf 90' lang='lat' dir='ltr'>morte</span> <span class='ocrx_word' id='word_1_56' title='bbox 742 519 766 568; x_wconf 75' lang='lat' dir='ltr'>ilc.</span> <span class='ocrx_word' id='word_1_57' title='bbox 779 517 825 566; x_wconf 87' lang='lat' dir='ltr'>vita</span> <span class='ocrx_word' id='word_1_58' title='bbox 838 515 893 573; x_wconf 87' lang='lat' dir='ltr'>sua,</span> <span class='ocrx_word' id='word_1_59' title='bbox 913 534 957 568; x_wconf 87' lang='lat' dir='ltr'>vo-</span> 
     </span>
     <span class='ocr_line' id='line_1_7' title="bbox 81 583 956 667; baseline -0.017 -20"><span class='ocrx_word' id='word_1_60' title='bbox 81 613 165 667; x_wconf 77' lang='lat' dir='ltr'>catque</span> <span class='ocrx_word' id='word_1_61' title='bbox 172 600 251 660; x_wconf 73' lang='lat' dir='ltr'>satiram</span> <span class='ocrx_word' id='word_1_62' title='bbox 266 593 333 653; x_wconf 76' lang='lat' dir='ltr'>fitam.</span> <span class='ocrx_word' id='word_1_63' title='bbox 386 586 442 636; x_wconf 83' lang='lat' dir='ltr'>Sors</span> <span class='ocrx_word' id='word_1_64' title='bbox 458 585 579 637; x_wconf 81' lang='lat' dir='ltr'>hircorum</span> <span class='ocrx_word' id='word_1_65' title='bbox 595 595 643 635; x_wconf 86' lang='lat' dir='ltr'>erat</span> <span class='ocrx_word' id='word_1_66' title='bbox 657 600 721 634; x_wconf 90' lang='lat' dir='ltr'>mors</span> <span class='ocrx_word' id='word_1_67' title='bbox 736 584 759 634; x_wconf 68' lang='grc' dir='ltr'>ἃ</span> <span class='ocrx_word' id='word_1_68' title='bbox 773 583 838 640; x_wconf 83' lang='lat' dir='ltr'>vita,</span> <span class='ocrx_word' id='word_1_69' title='bbox 862 597 913 646; x_wconf 84' lang='lat' dir='ltr'>non</span> <span class='ocrx_word' id='word_1_70' title='bbox 931 585 956 632; x_wconf 92' lang='lat' dir='ltr'>in</span> 
     </span>
     <span class='ocr_line' id='line_1_8' title="bbox 80 646 957 726; baseline -0.024 -7"><span class='ocrx_word' id='word_1_71' title='bbox 80 683 130 720; x_wconf 92' lang='lat' dir='ltr'>uno</span> <span class='ocrx_word' id='word_1_72' title='bbox 142 647 261 726; x_wconf 63' lang='lat' dir='ltr'>submitti,</span> <span class='ocrx_word' id='word_1_73' title='bbox 279 653 346 720; x_wconf 88' lang='lat' dir='ltr'>quod</span> <span class='ocrx_word' id='word_1_74' title='bbox 361 668 406 716; x_wconf 88' lang='lat' dir='ltr'>per</span> <span class='ocrx_word' id='word_1_75' title='bbox 421 649 582 702; x_wconf 83' lang='lat' dir='ltr'>infirmitatem</span> <span class='ocrx_word' id='word_1_76' title='bbox 596 651 645 716; x_wconf 84' lang='lat' dir='ltr'>typi</span> <span class='ocrx_word' id='word_1_77' title='bbox 658 648 706 699; x_wconf 88' lang='lat' dir='ltr'>fieri</span> <span class='ocrx_word' id='word_1_78' title='bbox 716 646 780 700; x_wconf 87' lang='lat' dir='ltr'>haud</span> <span class='ocrx_word' id='word_1_79' title='bbox 791 656 887 711; x_wconf 88' lang='lat' dir='ltr'>poterat</span> <span class='ocrx_word' id='word_1_80' title='bbox 898 683 905 704; x_wconf 91' lang='lat'>,</span> <span class='ocrx_word' id='word_1_81' title='bbox 916 646 957 698; x_wconf 87' lang='lat' dir='ltr'>sed</span> 
     </span>
     <span class='ocr_line' id='line_1_9' title="bbox 80 712 958 791; baseline -0.023 -9"><span class='ocrx_word' id='word_1_82' title='bbox 80 743 159 784; x_wconf 80' lang='lat' dir='ltr'>tanmn</span> <span class='ocrx_word' id='word_1_83' title='bbox 175 724 238 791; x_wconf 81' lang='lat' dir='ltr'>quasi</span> <span class='ocrx_word' id='word_1_84' title='bbox 250 734 308 772; x_wconf 89' lang='lat' dir='ltr'>uno.</span> <span class='ocrx_word' id='word_1_85' title='bbox 347 717 380 766; x_wconf 84' lang='lat' dir='ltr'>At</span> <span class='ocrx_word' id='word_1_86' title='bbox 400 718 432 770; x_wconf 88' lang='lat' dir='ltr'>ob</span> <span class='ocrx_word' id='word_1_87' title='bbox 445 716 614 781; x_wconf 66' lang='lat' dir='ltr'>perfectionem</span> <span class='ocrx_word' id='word_1_88' title='bbox 630 717 731 783; x_wconf 89' lang='lat' dir='ltr'>antitypi</span> <span class='ocrx_word' id='word_1_89' title='bbox 748 728 814 764; x_wconf 78' lang='lat' dir='ltr'>ritors</span> <span class='ocrx_word' id='word_1_90' title='bbox 829 712 853 763; x_wconf 73' lang='grc' dir='ltr'>δι</span> <span class='ocrx_word' id='word_1_91' title='bbox 869 714 958 764; x_wconf 84' lang='lat' dir='ltr'>vitain</span> 
     </span>
    </p>
   </div>
   <div class='ocr_carea' id='block_1_5' title="bbox 79 780 437 854">
    <p class='ocr_par' dir='ltr' id='par_1_5' title="bbox 79 780 437 854">
     <span class='ocr_line' id='line_1_10' title="bbox 79 780 437 854; baseline -0.039 -7"><span class='ocrx_word' id='word_1_92' title='bbox 79 811 129 847; x_wconf 91' lang='lat' dir='ltr'>uno</span> <span class='ocrx_word' id='word_1_93' title='bbox 139 789 243 854; x_wconf 68' lang='lat' dir='ltr'>subicito</span> <span class='ocrx_word' id='word_1_94' title='bbox 256 786 340 834; x_wconf 84' lang='lat' dir='ltr'>locum</span> <span class='ocrx_word' id='word_1_95' title='bbox 357 780 437 833; x_wconf 86' lang='lat' dir='ltr'>habet.</span> 
     </span>
    </p>
   </div>
   <div class='ocr_carea' id='block_1_6' title="bbox 47 890 975 1412">
    <p class='ocr_par' dir='ltr' id='par_1_6' title="bbox 47 890 975 1412">
     <span class='ocr_line' id='line_1_11' title="bbox 47 890 959 957; baseline -0.018 -4"><span class='ocrx_word' id='word_1_96' title='bbox 47 905 76 957; x_wconf 83' lang='lat' dir='ltr'>V.</span> <span class='ocrx_word' id='word_1_97' title='bbox 94 907 159 953; x_wconf 79' lang='lat' dir='ltr'>Sertis</span> <span class='ocrx_word' id='word_1_98' title='bbox 171 918 185 947; x_wconf 82' lang='lat' dir='ltr'>n</span> <span class='ocrx_word' id='word_1_99' title='bbox 194 915 217 945; x_wconf 86' lang='lat' dir='ltr'>m</span> <span class='ocrx_word' id='word_1_100' title='bbox 231 912 273 943; x_wconf 84' lang='lat' dir='ltr'>nou</span> <span class='ocrx_word' id='word_1_101' title='bbox 285 893 353 952; x_wconf 75' lang='lat' dir='ltr'>fialam</span> <span class='ocrx_word' id='word_1_102' title='bbox 366 895 392 954; x_wconf 71' lang='lat' dir='ltr'>eli</span> <span class='ocrx_word' id='word_1_103' title='bbox 406 892 549 955; x_wconf 69' lang='lat' dir='ltr'>uetustissimus</span> <span class='ocrx_word' id='word_1_104' title='bbox 557 893 597 952; x_wconf 75' lang='lat' dir='ltr'>scal</span> <span class='ocrx_word' id='word_1_105' title='bbox 610 890 640 948; x_wconf 52' lang='grc' dir='ltr'>ἒξ</span> <span class='ocrx_word' id='word_1_106' title='bbox 654 891 739 940; x_wconf 83' lang='lat' dir='ltr'>livinus</span> <span class='ocrx_word' id='word_1_107' title='bbox 751 915 762 945; x_wconf 39' lang='lat'>,¹</span> <span class='ocrx_word' id='word_1_108' title='bbox 775 890 887 952; x_wconf 78' lang='lat' dir='ltr'>legitimus,</span> <span class='ocrx_word' id='word_1_109' title='bbox 902 891 959 938; x_wconf 71' lang='lat' dir='ltr'>ralla</span> 
     </span>
     <span class='ocr_line' id='line_1_12' title="bbox 76 952 956 1021; baseline -0.014 -5"><span class='ocrx_word' id='word_1_110' title='bbox 76 967 186 1017; x_wconf 73' lang='lat' dir='ltr'>adbibitus.</span> <span class='ocrx_word' id='word_1_111' title='bbox 222 958 295 1010; x_wconf 79' lang='lat' dir='ltr'>Recte</span> <span class='ocrx_word' id='word_1_112' title='bbox 313 973 369 1007; x_wconf 88' lang='lat' dir='ltr'>vero</span> <span class='ocrx_word' id='word_1_113' title='bbox 385 968 436 1007; x_wconf 90' lang='lat' dir='ltr'>tum</span> <span class='ocrx_word' id='word_1_114' title='bbox 448 957 589 1013; x_wconf 75' lang='lat' dir='ltr'>adhibetur,</span> <span class='ocrx_word' id='word_1_115' title='bbox 609 956 624 1005; x_wconf 87' lang='lat' dir='ltr'>si</span> <span class='ocrx_word' id='word_1_116' title='bbox 637 955 685 1005; x_wconf 86' lang='lat' dir='ltr'>sors</span> <span class='ocrx_word' id='word_1_117' title='bbox 698 955 825 1021; x_wconf 84' lang='lat' dir='ltr'>projicitur</span> <span class='ocrx_word' id='word_1_118' title='bbox 838 952 956 1005; x_wconf 88' lang='lat' dir='ltr'>mandan-</span> 
     </span>
     <span class='ocr_line' id='line_1_13' title="bbox 76 1019 955 1088; baseline -0.011 -8"><span class='ocrx_word' id='word_1_119' title='bbox 76 1041 100 1081; x_wconf 91' lang='lat' dir='ltr'>te</span> <span class='ocrx_word' id='word_1_120' title='bbox 114 1028 187 1083; x_wconf 81' lang='lat' dir='ltr'>Deo,</span> <span class='ocrx_word' id='word_1_121' title='bbox 210 1035 252 1076; x_wconf 88' lang='lat' dir='ltr'>aut</span> <span class='ocrx_word' id='word_1_122' title='bbox 268 1022 365 1088; x_wconf 86' lang='lat' dir='ltr'>quando</span> <span class='ocrx_word' id='word_1_123' title='bbox 381 1023 492 1073; x_wconf 83' lang='lat' dir='ltr'>voluntas</span> <span class='ocrx_word' id='word_1_124' title='bbox 508 1020 558 1072; x_wconf 88' lang='lat' dir='ltr'>Dei</span> <span class='ocrx_word' id='word_1_125' title='bbox 577 1022 688 1072; x_wconf 84' lang='lat' dir='ltr'>inrebm</span> <span class='ocrx_word' id='word_1_126' title='bbox 707 1021 773 1071; x_wconf 84' lang='lat' dir='ltr'>sacris</span> <span class='ocrx_word' id='word_1_127' title='bbox 790 1021 849 1070; x_wconf 85' lang='lat' dir='ltr'>citra</span> <span class='ocrx_word' id='word_1_128' title='bbox 862 1019 955 1070; x_wconf 87' lang='lat' dir='ltr'>sortile-</span> 
     </span>
     <span class='ocr_line' id='line_1_14' title="bbox 76 1084 955 1159; baseline -0.01 -16"><span class='ocrx_word' id='word_1_129' title='bbox 76 1096 143 1159; x_wconf 84' lang='lat' dir='ltr'>gium</span> <span class='ocrx_word' id='word_1_130' title='bbox 154 1106 204 1141; x_wconf 78' lang='lat' dir='ltr'>raon</span> <span class='ocrx_word' id='word_1_131' title='bbox 218 1090 313 1140; x_wconf 84' lang='lat' dir='ltr'>constet.</span> <span class='ocrx_word' id='word_1_132' title='bbox 329 1085 466 1138; x_wconf 85' lang='lat' dir='ltr'>Hominum</span> <span class='ocrx_word' id='word_1_133' title='bbox 480 1102 538 1137; x_wconf 91' lang='lat' dir='ltr'>vero</span> <span class='ocrx_word' id='word_1_134' title='bbox 551 1103 601 1138; x_wconf 91' lang='lat' dir='ltr'>non</span> <span class='ocrx_word' id='word_1_135' title='bbox 614 1084 735 1137; x_wconf 85' lang='lat' dir='ltr'>sufficitad</span> <span class='ocrx_word' id='word_1_136' title='bbox 746 1084 824 1137; x_wconf 89' lang='lat' dir='ltr'>casum</span> <span class='ocrx_word' id='word_1_137' title='bbox 840 1084 955 1136; x_wconf 89' lang='lat' dir='ltr'>determi-</span> 
     </span>
     <span class='ocr_line' id='line_1_15' title="bbox 75 1149 954 1218; baseline -0.01 -9"><span class='ocrx_word' id='word_1_138' title='bbox 75 1156 181 1208; x_wconf 90' lang='lat' dir='ltr'>nandum</span> <span class='ocrx_word' id='word_1_139' title='bbox 195 1155 232 1204; x_wconf 79' lang='lat' dir='ltr'>ael</span> <span class='ocrx_word' id='word_1_140' title='bbox 253 1155 278 1202; x_wconf 91' lang='lat' dir='ltr'>in</span> <span class='ocrx_word' id='word_1_141' title='bbox 295 1153 365 1202; x_wconf 84' lang='lat' dir='ltr'>rebus</span> <span class='ocrx_word' id='word_1_142' title='bbox 382 1154 462 1218; x_wconf 83' lang='lat' dir='ltr'>rnagni</span> <span class='ocrx_word' id='word_1_143' title='bbox 479 1153 615 1208; x_wconf 78' lang='lat' dir='ltr'>momenti,</span> <span class='ocrx_word' id='word_1_144' title='bbox 633 1168 686 1217; x_wconf 81' lang='lat' dir='ltr'>quae</span> <span class='ocrx_word' id='word_1_145' title='bbox 699 1150 712 1200; x_wconf 69' lang='lat' dir='ltr'>a</span> <span class='ocrx_word' id='word_1_146' title='bbox 725 1149 781 1202; x_wconf 88' lang='lat' dir='ltr'>Deo</span> <span class='ocrx_word' id='word_1_147' title='bbox 802 1166 852 1200; x_wconf 93' lang='lat' dir='ltr'>non</span> <span class='ocrx_word' id='word_1_148' title='bbox 870 1149 954 1201; x_wconf 83' lang='lat' dir='ltr'>decisae</span> 
     </span>
     <span class='ocr_line' id='line_1_16' title="bbox 75 1215 975 1281; baseline -0.009 -9"><span class='ocrx_word' id='word_1_149' title='bbox 75 1231 155 1272; x_wconf 87' lang='lat' dir='ltr'>motus</span> <span class='ocrx_word' id='word_1_150' title='bbox 168 1221 299 1269; x_wconf 80' lang='lat' dir='ltr'>excitarent</span> <span class='ocrx_word' id='word_1_151' title='bbox 311 1233 409 1281; x_wconf 83' lang='lat' dir='ltr'>graves,</span> <span class='ocrx_word' id='word_1_152' title='bbox 425 1216 578 1281; x_wconf 85' lang='lat' dir='ltr'>periculosos.</span> <span class='ocrx_word' id='word_1_153' title='bbox 630 1215 726 1281; x_wconf 84' lang='lat' dir='ltr'>insuper</span> <span class='ocrx_word' id='word_1_154' title='bbox 737 1216 829 1266; x_wconf 87' lang='lat' dir='ltr'>sortitio</span> <span class='ocrx_word' id='word_1_155' title='bbox 845 1217 954 1280; x_wconf 86' lang='lat' dir='ltr'>poscitur</span> <span class='ocrx_word' id='word_1_156' title='bbox 972 1228 975 1234; x_wconf 86' lang='lat'>·</span> 
     </span>
     <span class='ocr_line' id='line_1_17' title="bbox 74 1280 951 1347; baseline -0.007 -11"><span class='ocrx_word' id='word_1_157' title='bbox 74 1285 227 1339; x_wconf 86' lang='lat' dir='ltr'>instituenda,</span> <span class='ocrx_word' id='word_1_158' title='bbox 245 1297 289 1333; x_wconf 91' lang='lat' dir='ltr'>ceu</span> <span class='ocrx_word' id='word_1_159' title='bbox 302 1297 384 1331; x_wconf 83' lang='lat' dir='ltr'>coram</span> <span class='ocrx_word' id='word_1_160' title='bbox 399 1281 457 1331; x_wconf 84' lang='lat' dir='ltr'>facie</span> <span class='ocrx_word' id='word_1_161' title='bbox 474 1280 526 1337; x_wconf 83' lang='lat' dir='ltr'>Dei,</span> <span class='ocrx_word' id='word_1_162' title='bbox 540 1283 563 1331; x_wconf 90' lang='lat' dir='ltr'>in</span> <span class='ocrx_word' id='word_1_163' title='bbox 577 1281 634 1332; x_wconf 89' lang='lat' dir='ltr'>loco</span> <span class='ocrx_word' id='word_1_164' title='bbox 649 1281 763 1347; x_wconf 87' lang='lat' dir='ltr'>publico,</span> <span class='ocrx_word' id='word_1_165' title='bbox 779 1296 823 1345; x_wconf 90' lang='lat' dir='ltr'>per</span> <span class='ocrx_word' id='word_1_166' title='bbox 836 1281 951 1346; x_wconf 77' lang='lat' dir='ltr'>personas</span> 
     </span>
     <span class='ocr_line' id='line_1_18' title="bbox 74 1345 874 1412; baseline -0.014 -11"><span class='ocrx_word' id='word_1_167' title='bbox 74 1354 98 1401; x_wconf 73' lang='lat' dir='ltr'>alc</span> <span class='ocrx_word' id='word_1_168' title='bbox 112 1350 179 1400; x_wconf 78' lang='lat' dir='ltr'>telles</span> <span class='ocrx_word' id='word_1_169' title='bbox 193 1348 239 1398; x_wconf 86' lang='lat' dir='ltr'>fide</span> <span class='ocrx_word' id='word_1_170' title='bbox 251 1348 355 1410; x_wconf 73' lang='lat' dir='ltr'>dignos,</span> <span class='ocrx_word' id='word_1_171' title='bbox 374 1348 464 1412; x_wconf 84' lang='lat' dir='ltr'>absque</span> <span class='ocrx_word' id='word_1_172' title='bbox 477 1345 542 1395; x_wconf 88' lang='lat' dir='ltr'>dolo.</span> <span class='ocrx_word' id='word_1_173' title='bbox 873 1351 874 1354; x_wconf 77' lang='grc'>’</span> 
     </span>
    </p>
   </div>
   <div class='ocr_carea' id='block_1_7' title="bbox 42 1440 978 1585">
    <p class='ocr_par' dir='ltr' id='par_1_7' title="bbox 42 1440 978 1585">
     <span class='ocr_line' id='line_1_19' title="bbox 42 1440 978 1518; baseline 0 -14"><span class='ocrx_word' id='word_1_174' title='bbox 42 1456 87 1508; x_wconf 85' lang='lat' dir='ltr'>Vl.</span> <span class='ocrx_word' id='word_1_175' title='bbox 106 1462 164 1505; x_wconf 83' lang='lat' dir='ltr'>Huic</span> <span class='ocrx_word' id='word_1_176' title='bbox 172 1459 228 1517; x_wconf 71' lang='lat' dir='ltr'>forti</span> <span class='ocrx_word' id='word_1_177' title='bbox 241 1459 386 1518; x_wconf 79' lang='lat' dir='ltr'>contrariatur</span> <span class='ocrx_word' id='word_1_178' title='bbox 400 1454 488 1505; x_wconf 80' lang='lat' dir='ltr'>ludicra,</span> <span class='ocrx_word' id='word_1_179' title='bbox 502 1471 538 1502; x_wconf 82' lang='lat' dir='ltr'>cen</span> <span class='ocrx_word' id='word_1_180' title='bbox 551 1455 671 1517; x_wconf 79' lang='lat' dir='ltr'>profanatio</span> <span class='ocrx_word' id='word_1_181' title='bbox 680 1459 782 1503; x_wconf 81' lang='lat' dir='ltr'>Numinis</span> <span class='ocrx_word' id='word_1_182' title='bbox 796 1453 873 1503; x_wconf 79' lang='lat' dir='ltr'>divini.</span> <span class='ocrx_word' id='word_1_183' title='bbox 891 1451 955 1507; x_wconf 85' lang='lat' dir='ltr'>Pm-</span> <span class='ocrx_word' id='word_1_184' title='bbox 976 1440 978 1442; x_wconf 82' lang='lat'><em>.</em></span> 
     </span>
     <span class='ocr_line' id='line_1_20' title="bbox 72 1516 654 1585; baseline -0.002 -16"><span class='ocrx_word' id='word_1_185' title='bbox 72 1520 156 1584; x_wconf 88' lang='lat' dir='ltr'>scripta</span> <span class='ocrx_word' id='word_1_186' title='bbox 169 1523 249 1585; x_wconf 84' lang='lat' dir='ltr'>itaque</span> <span class='ocrx_word' id='word_1_187' title='bbox 263 1522 325 1569; x_wconf 87' lang='lat' dir='ltr'>inter</span> <span class='ocrx_word' id='word_1_188' title='bbox 338 1517 482 1569; x_wconf 81' lang='lat' dir='ltr'>Christianos</span> <span class='ocrx_word' id='word_1_189' title='bbox 492 1516 536 1568; x_wconf 81' lang='lat' dir='ltr'>effe</span> <span class='ocrx_word' id='word_1_190' title='bbox 550 1518 654 1568; x_wconf 85' lang='lat' dir='ltr'>deberet.</span> 
     </span>
    </p>
   </div>
   <div class='ocr_carea' id='block_1_8' title="bbox 41 1627 955 2468">
    <p class='ocr_par' dir='ltr' id='par_1_8' title="bbox 41 1627 955 2468">
     <span class='ocr_line' id='line_1_21' title="bbox 41 1627 955 1693; baseline -0.001 -12"><span class='ocrx_word' id='word_1_191' title='bbox 41 1629 104 1680; x_wconf 80' lang='lat' dir='ltr'>Vll·</span> <span class='ocrx_word' id='word_1_192' title='bbox 123 1635 243 1679; x_wconf 84' lang='lat' dir='ltr'>Caremonia</span> <span class='ocrx_word' id='word_1_193' title='bbox 253 1636 276 1678; x_wconf 84' lang='lat' dir='ltr'>in</span> <span class='ocrx_word' id='word_1_194' title='bbox 291 1631 350 1678; x_wconf 83' lang='lat' dir='ltr'>cultu</span> <span class='ocrx_word' id='word_1_195' title='bbox 363 1630 472 1693; x_wconf 74' lang='lat' dir='ltr'>Religionis</span> <span class='ocrx_word' id='word_1_196' title='bbox 486 1629 577 1690; x_wconf 80' lang='lat' dir='ltr'>Jmlm&#39;ca</span> <span class='ocrx_word' id='word_1_197' title='bbox 588 1630 653 1692; x_wconf 80' lang='lat' dir='ltr'>prole</span> <span class='ocrx_word' id='word_1_198' title='bbox 664 1629 796 1691; x_wconf 77' lang='lat' dir='ltr'>discernenda</span> <span class='ocrx_word' id='word_1_199' title='bbox 802 1628 862 1688; x_wconf 75' lang='lat' dir='ltr'>fiant.</span> <span class='ocrx_word' id='word_1_200' title='bbox 883 1627 955 1680; x_wconf 58' lang='lat' dir='ltr'>Dan*</span> 
     </span>
     <span class='ocr_line' id='line_1_22' title="bbox 72 1691 950 1756; baseline 0 -12"><span class='ocrx_word' id='word_1_201' title='bbox 72 1704 110 1744; x_wconf 87' lang='lat' dir='ltr'>tur</span> <span class='ocrx_word' id='word_1_202' title='bbox 122 1694 202 1743; x_wconf 85' lang='lat' dir='ltr'>diserta</span> <span class='ocrx_word' id='word_1_203' title='bbox 222 1694 287 1756; x_wconf 64' lang='lat' dir='ltr'>Lege</span> <span class='ocrx_word' id='word_1_204' title='bbox 301 1695 379 1744; x_wconf 86' lang='lat' dir='ltr'>diviua</span> <span class='ocrx_word' id='word_1_205' title='bbox 389 1693 474 1756; x_wconf 53' lang='lat' dir='ltr'>&#39;iusim</span> <span class='ocrx_word' id='word_1_206' title='bbox 492 1693 547 1743; x_wconf 79' lang='lat' dir='ltr'>deira</span> <span class='ocrx_word' id='word_1_207' title='bbox 559 1693 610 1744; x_wconf 89' lang='lat' dir='ltr'>latae</span> <span class='ocrx_word' id='word_1_208' title='bbox 630 1696 653 1743; x_wconf 92' lang='lat' dir='ltr'>in</span> <span class='ocrx_word' id='word_1_209' title='bbox 668 1691 836 1756; x_wconf 77' lang='lat' dir='ltr'>virtuteLegis</span> <span class='ocrx_word' id='word_1_210' title='bbox 855 1709 863 1754; x_wconf 81' lang='lat'>3</span> <span class='ocrx_word' id='word_1_211' title='bbox 884 1692 950 1744; x_wconf 87' lang='lat' dir='ltr'>lusu·-</span> 
     </span>
     <span class='ocr_line' id='line_1_23' title="bbox 72 1750 951 1824; baseline 0 -16"><span class='ocrx_word' id='word_1_212' title='bbox 72 1775 114 1822; x_wconf 89' lang='lat' dir='ltr'>per</span> <span class='ocrx_word' id='word_1_213' title='bbox 125 1759 234 1823; x_wconf 81' lang='lat' dir='ltr'>potestati</span> <span class='ocrx_word' id='word_1_214' title='bbox 251 1750 359 1809; x_wconf 73' lang='lat' dir='ltr'>Ecclesiae</span> <span class='ocrx_word' id='word_1_215' title='bbox 371 1759 455 1818; x_wconf 69' lang='lat' dir='ltr'>relictae</span> <span class='ocrx_word' id='word_1_216' title='bbox 471 1758 583 1823; x_wconf 87' lang='lat' dir='ltr'>sequente</span> <span class='ocrx_word' id='word_1_217' title='bbox 599 1770 708 1824; x_wconf 88' lang='lat' dir='ltr'>tempore</span> <span class='ocrx_word' id='word_1_218' title='bbox 721 1759 785 1809; x_wconf 89' lang='lat' dir='ltr'>licite</span> <span class='ocrx_word' id='word_1_219' title='bbox 802 1760 825 1807; x_wconf 62' lang='grc' dir='ltr'><strong><em>ἃ</em></strong></span> <span class='ocrx_word' id='word_1_220' title='bbox 840 1760 951 1822; x_wconf 77' lang='lat' dir='ltr'>prudem</span> 
     </span>
     <span class='ocr_line' id='line_1_24' title="bbox 70 1823 950 1889; baseline 0.001 -17"><span class='ocrx_word' id='word_1_221' title='bbox 70 1833 106 1873; x_wconf 89' lang='lat' dir='ltr'>tet</span> <span class='ocrx_word' id='word_1_222' title='bbox 118 1824 241 1880; x_wconf 85' lang='lat' dir='ltr'>institutae,</span> <span class='ocrx_word' id='word_1_223' title='bbox 256 1824 336 1874; x_wconf 79' lang='lat' dir='ltr'>ittoto</span> <span class='ocrx_word' id='word_1_224' title='bbox 349 1835 415 1874; x_wconf 90' lang='lat' dir='ltr'>coetu</span> <span class='ocrx_word' id='word_1_225' title='bbox 431 1823 597 1886; x_wconf 57' lang='lat' dir='ltr'>observandam</span> <span class='ocrx_word' id='word_1_226' title='bbox 614 1823 726 1889; x_wconf 86' lang='lat' dir='ltr'>Denique</span> <span class='ocrx_word' id='word_1_227' title='bbox 737 1823 903 1875; x_wconf 79' lang='lat' dir='ltr'>ucctenatttcae</span> <span class='ocrx_word' id='word_1_228' title='bbox 913 1825 950 1873; x_wconf 91' lang='lat' dir='ltr'>di-</span> 
     </span>
     <span class='ocr_line' id='line_1_25' title="bbox 70 1887 951 1954; baseline 0.002 -16"><span class='ocrx_word' id='word_1_229' title='bbox 70 1888 129 1938; x_wconf 77' lang='lat' dir='ltr'>cinis</span> <span class='ocrx_word' id='word_1_230' title='bbox 143 1890 272 1939; x_wconf 88' lang='lat' dir='ltr'>contrariae.</span> <span class='ocrx_word' id='word_1_231' title='bbox 325 1889 365 1939; x_wconf 86' lang='lat' dir='ltr'>Ad</span> <span class='ocrx_word' id='word_1_232' title='bbox 376 1890 477 1953; x_wconf 84' lang='lat' dir='ltr'>primam</span> <span class='ocrx_word' id='word_1_233' title='bbox 493 1887 587 1939; x_wconf 85' lang='lat' dir='ltr'>classem</span> <span class='ocrx_word' id='word_1_234' title='bbox 606 1891 744 1952; x_wconf 81' lang='lat' dir='ltr'>pertinent,</span> <span class='ocrx_word' id='word_1_235' title='bbox 761 1904 815 1953; x_wconf 85' lang='lat' dir='ltr'>quae</span> <span class='ocrx_word' id='word_1_236' title='bbox 834 1887 951 1954; x_wconf 61' lang='lat' dir='ltr'>expressis&gt;</span> 
     </span>
     <span class='ocr_line' id='line_1_26' title="bbox 69 1951 949 2016; baseline 0.003 -15"><span class='ocrx_word' id='word_1_237' title='bbox 69 1952 146 2001; x_wconf 78' lang='lat' dir='ltr'>verbis</span> <span class='ocrx_word' id='word_1_238' title='bbox 158 1951 196 2001; x_wconf 83' lang='lat' dir='ltr'>his</span> <span class='ocrx_word' id='word_1_239' title='bbox 207 1955 231 2001; x_wconf 90' lang='lat' dir='ltr'>in</span> <span class='ocrx_word' id='word_1_240' title='bbox 247 1954 407 2003; x_wconf 81' lang='lat' dir='ltr'>commatibus</span> <span class='ocrx_word' id='word_1_241' title='bbox 420 1954 450 2001; x_wconf 89' lang='lat' dir='ltr'>de</span> <span class='ocrx_word' id='word_1_242' title='bbox 460 1952 531 2002; x_wconf 87' lang='lat' dir='ltr'>hircis</span> <span class='ocrx_word' id='word_1_243' title='bbox 552 1952 708 2016; x_wconf 83' lang='lat' dir='ltr'>piacularibus</span> <span class='ocrx_word' id='word_1_244' title='bbox 721 1955 819 2004; x_wconf 82' lang='lat' dir='ltr'>exstant.</span> <span class='ocrx_word' id='word_1_245' title='bbox 863 1955 900 2004; x_wconf 80' lang='lat' dir='ltr'>Ad</span> <span class='ocrx_word' id='word_1_246' title='bbox 914 1954 949 2004; x_wconf 86' lang='lat' dir='ltr'>al-</span> 
     </span>
     <span class='ocr_line' id='line_1_27' title="bbox 69 2016 949 2082; baseline -0.006 -16"><span class='ocrx_word' id='word_1_247' title='bbox 69 2025 142 2066; x_wconf 84' lang='lat' dir='ltr'>teram</span> <span class='ocrx_word' id='word_1_248' title='bbox 155 2018 228 2068; x_wconf 87' lang='lat' dir='ltr'>veluti</span> <span class='ocrx_word' id='word_1_249' title='bbox 241 2016 365 2082; x_wconf 82' lang='lat' dir='ltr'>inscriptio</span> <span class='ocrx_word' id='word_1_250' title='bbox 382 2018 480 2067; x_wconf 86' lang='lat' dir='ltr'>sortium</span> <span class='ocrx_word' id='word_1_251' title='bbox 496 2030 537 2079; x_wconf 79' lang='lat' dir='ltr'>pro</span> <span class='ocrx_word' id='word_1_252' title='bbox 550 2017 647 2078; x_wconf 79' lang='lat' dir='ltr'>Jelmva,</span> <span class='ocrx_word' id='word_1_253' title='bbox 661 2033 701 2082; x_wconf 82' lang='lat' dir='ltr'>pro</span> <span class='ocrx_word' id='word_1_254' title='bbox 720 2019 807 2074; x_wconf 71' lang='lat' dir='ltr'>Aaaael.</span> <span class='ocrx_word' id='word_1_255' title='bbox 845 2018 881 2069; x_wconf 78' lang='lat' dir='ltr'>Ad</span> <span class='ocrx_word' id='word_1_256' title='bbox 900 2029 949 2069; x_wconf 85' lang='lat' dir='ltr'>ter.</span> 
     </span>
     <span class='ocr_line' id='line_1_28' title="bbox 69 2079 951 2148; baseline 0.005 -18"><span class='ocrx_word' id='word_1_257' title='bbox 69 2082 124 2130; x_wconf 87' lang='lat' dir='ltr'>tiam</span> <span class='ocrx_word' id='word_1_258' title='bbox 138 2087 218 2144; x_wconf 79' lang='lat' dir='ltr'>Lingua</span> <span class='ocrx_word' id='word_1_259' title='bbox 235 2088 340 2138; x_wconf 81' lang='lat' dir='ltr'>coccinea,</span> <span class='ocrx_word' id='word_1_260' title='bbox 355 2083 425 2147; x_wconf 86' lang='lat' dir='ltr'>capiti</span> <span class='ocrx_word' id='word_1_261' title='bbox 439 2080 498 2130; x_wconf 89' lang='lat' dir='ltr'>hirci</span> <span class='ocrx_word' id='word_1_262' title='bbox 509 2079 616 2132; x_wconf 77' lang='lat' dir='ltr'>emissarii</span> <span class='ocrx_word' id='word_1_263' title='bbox 628 2083 751 2148; x_wconf 83' lang='lat' dir='ltr'>alliganda.</span> <span class='ocrx_word' id='word_1_264' title='bbox 787 2082 824 2133; x_wconf 78' lang='lat' dir='ltr'>Ad</span> <span class='ocrx_word' id='word_1_265' title='bbox 837 2096 951 2147; x_wconf 75' lang='lat' dir='ltr'>quartana</span> 
     </span>
     <span class='ocr_line' id='line_1_29' title="bbox 68 2144 949 2211; baseline 0.006 -17"><span class='ocrx_word' id='word_1_266' title='bbox 68 2145 126 2194; x_wconf 87' lang='lat' dir='ltr'>hirci</span> <span class='ocrx_word' id='word_1_267' title='bbox 141 2144 209 2207; x_wconf 82' lang='lat' dir='ltr'>hujus</span> <span class='ocrx_word' id='word_1_268' title='bbox 222 2148 380 2211; x_wconf 86' lang='lat' dir='ltr'>praecipitatio</span> <span class='ocrx_word' id='word_1_269' title='bbox 394 2147 424 2196; x_wconf 86' lang='lat' dir='ltr'>de</span> <span class='ocrx_word' id='word_1_270' title='bbox 439 2161 505 2209; x_wconf 89' lang='lat' dir='ltr'>rupe.</span> <span class='ocrx_word' id='word_1_271' title='bbox 550 2145 632 2197; x_wconf 82' lang='lat' dir='ltr'>Primae</span> <span class='ocrx_word' id='word_1_272' title='bbox 645 2150 669 2198; x_wconf 66' lang='grc' dir='ltr'>ἃ</span> <span class='ocrx_word' id='word_1_273' title='bbox 685 2149 792 2200; x_wconf 88' lang='lat' dir='ltr'>secundae</span> <span class='ocrx_word' id='word_1_274' title='bbox 809 2147 881 2200; x_wconf 78' lang='lat' dir='ltr'>classis</span> <span class='ocrx_word' id='word_1_275' title='bbox 894 2149 949 2200; x_wconf 91' lang='lat' dir='ltr'>sunt</span> 
     </span>
     <span class='ocr_line' id='line_1_30' title="bbox 68 2209 947 2274; baseline 0.007 -16"><span class='ocrx_word' id='word_1_276' title='bbox 68 2210 189 2274; x_wconf 81' lang='lat' dir='ltr'>mysticae3</span> <span class='ocrx_word' id='word_1_277' title='bbox 207 2209 295 2261; x_wconf 87' lang='lat' dir='ltr'>Tertiae</span> <span class='ocrx_word' id='word_1_278' title='bbox 314 2220 407 2262; x_wconf 89' lang='lat' dir='ltr'>tantum</span> <span class='ocrx_word' id='word_1_279' title='bbox 423 2209 594 2268; x_wconf 80' lang='lat' dir='ltr'>ecclesiasticae,</span> <span class='ocrx_word' id='word_1_280' title='bbox 617 2216 780 2269; x_wconf 87' lang='lat' dir='ltr'>communiter</span> <span class='ocrx_word' id='word_1_281' title='bbox 797 2212 878 2265; x_wconf 86' lang='lat' dir='ltr'>saltem</span> <span class='ocrx_word' id='word_1_282' title='bbox 895 2230 947 2265; x_wconf 93' lang='lat' dir='ltr'>non</span> 
     </span>
     <span class='ocr_line' id='line_1_31' title="bbox 67 2274 950 2345; baseline 0.01 -23"><span class='ocrx_word' id='word_1_283' title='bbox 67 2274 170 2341; x_wconf 86' lang='lat' dir='ltr'>mysticae</span> <span class='ocrx_word' id='word_1_284' title='bbox 184 2291 192 2336; x_wconf 82' lang='lat'>3</span> <span class='ocrx_word' id='word_1_285' title='bbox 212 2276 310 2337; x_wconf 86' lang='lat' dir='ltr'>Quartae</span> <span class='ocrx_word' id='word_1_286' title='bbox 322 2277 418 2341; x_wconf 82' lang='lat' dir='ltr'>prorsus</span> <span class='ocrx_word' id='word_1_287' title='bbox 437 2275 609 2338; x_wconf 82' lang='lat' dir='ltr'>rejiciendae&amp;</span> <span class='ocrx_word' id='word_1_288' title='bbox 627 2279 724 2344; x_wconf 80' lang='lat' dir='ltr'>impiae,</span> <span class='ocrx_word' id='word_1_289' title='bbox 746 2277 790 2330; x_wconf 85' lang='lat' dir='ltr'>nist</span> <span class='ocrx_word' id='word_1_290' title='bbox 806 2278 950 2345; x_wconf 75' lang='lat' dir='ltr'>gravissimie</span> 
     </span>
     <span class='ocr_line' id='line_1_32' title="bbox 68 2338 944 2454; baseline 0.01 -67"><span class='ocrx_word' id='word_1_291' title='bbox 68 2354 98 2412; x_wconf 64' lang='lat' dir='ltr'>erc</span> <span class='ocrx_word' id='word_1_292' title='bbox 109 2338 181 2414; x_wconf 78' lang='lat' dir='ltr'>causis</span> <span class='ocrx_word' id='word_1_293' title='bbox 193 2339 299 2454; x_wconf 46' lang='lat' dir='ltr'>exnlusar&#39;i</span> <span class='ocrx_word' id='word_1_294' title='bbox 313 2351 409 2407; x_wconf 86' lang='lat' dir='ltr'>queant.</span> <span class='ocrx_word' id='word_1_295' title='bbox 443 2339 507 2399; x_wconf 83' lang='lat' dir='ltr'>infra</span> <span class='ocrx_word' id='word_1_296' title='bbox 517 2341 558 2393; x_wconf 93' lang='lat' dir='ltr'>suo</span> <span class='ocrx_word' id='word_1_297' title='bbox 570 2342 628 2394; x_wconf 86' lang='lat' dir='ltr'>loco</span> <span class='ocrx_word' id='word_1_298' title='bbox 640 2345 748 2396; x_wconf 84' lang='lat' dir='ltr'>dicemus</span> <span class='ocrx_word' id='word_1_299' title='bbox 764 2344 794 2395; x_wconf 89' lang='lat' dir='ltr'>de</span> <span class='ocrx_word' id='word_1_300' title='bbox 807 2344 874 2396; x_wconf 76' lang='lat' dir='ltr'>cau-sa</span> <span class='ocrx_word' id='word_1_301' title='bbox 885 2360 944 2411; x_wconf 80' lang='lat' dir='ltr'>prae·</span> 
     </span>
     <span class='ocr_line' id='line_1_33' title="bbox 68 2406 508 2468; baseline 0.018 -17"><span class='ocrx_word' id='word_1_302' title='bbox 68 2412 211 2468; x_wconf 77' lang='lat' dir='ltr'>cipitatlonls</span> <span class='ocrx_word' id='word_1_303' title='bbox 248 2406 295 2455; x_wconf 86' lang='lat' dir='ltr'>irci.</span> <span class='ocrx_word' id='word_1_304' title='bbox 506 2411 508 2413; x_wconf 73' lang='grc'><strong>’</strong></span> 
     </span>
    </p>
   </div>
   <div class='ocr_carea' id='block_1_9' title="bbox 35 2506 949 2637">
    <p class='ocr_par' dir='ltr' id='par_1_9' title="bbox 35 2506 949 2637">
     <span class='ocr_line' id='line_1_34' title="bbox 35 2506 949 2637; baseline 0.011 -79"><span class='ocrx_word' id='word_1_305' title='bbox 35 2506 58 2558; x_wconf 88' lang='lat' dir='ltr'>V</span> <span class='ocrx_word' id='word_1_306' title='bbox 60 2507 81 2637; x_wconf 35' lang='lat' dir='ltr'>h</span> <span class='ocrx_word' id='word_1_307' title='bbox 81 2508 90 2559; x_wconf 90' lang='lat' dir='ltr'>l</span> <span class='ocrx_word' id='word_1_308' title='bbox 97 2508 114 2560; x_wconf 86' lang='lat' dir='ltr'>I.</span> <span class='ocrx_word' id='word_1_309' title='bbox 134 2511 244 2624; x_wconf 59' lang='lat' dir='ltr'>Cnrmnrilis</span> <span class='ocrx_word' id='word_1_310' title='bbox 259 2518 319 2563; x_wconf 85' lang='lat' dir='ltr'>ratio</span> <span class='ocrx_word' id='word_1_311' title='bbox 327 2522 490 2567; x_wconf 80' lang='lat' dir='ltr'>ceremoniarum</span> <span class='ocrx_word' id='word_1_312' title='bbox 500 2522 532 2569; x_wconf 86' lang='lat' dir='ltr'>N.</span> <span class='ocrx_word' id='word_1_313' title='bbox 546 2521 663 2581; x_wconf 67' lang='lat' dir='ltr'>iiflarneati</span> <span class='ocrx_word' id='word_1_314' title='bbox 674 2557 683 2578; x_wconf 77' lang='grc'><strong><em>,</em></strong></span> <span class='ocrx_word' id='word_1_315' title='bbox 695 2537 738 2583; x_wconf 69' lang='lat' dir='ltr'>prta</span> <span class='ocrx_word' id='word_1_316' title='bbox 751 2525 773 2569; x_wconf 83' lang='lat' dir='ltr'>in</span> <span class='ocrx_word' id='word_1_317' title='bbox 787 2517 872 2579; x_wconf 67' lang='lat' dir='ltr'>Ecclesia</span> <span class='ocrx_word' id='word_1_318' title='bbox 885 2517 949 2568; x_wconf 53' lang='lat' dir='ltr'>cirta</span> 
     </span>
     <span class='ocr_line' id='line_1_35' title="bbox 81 2588 481 2629; baseline 0.008 -6"><span class='ocrx_word' id='word_1_319' title='bbox 81 2592 127 2625; x_wconf 83' lang='lat' dir='ltr'>rana</span> <span class='ocrx_word' id='word_1_320' title='bbox 139 2593 150 2625; x_wconf 88' lang='lat'><em>0</em></span> <span class='ocrx_word' id='word_1_321' title='bbox 164 2588 239 2629; x_wconf 76' lang='lat' dir='ltr'>tinent.</span> <span class='ocrx_word' id='word_1_322' title='bbox 479 2603 481 2607; x_wconf 88' lang='lat'><em>·</em></span> 
     </span>
    </p>
   </div>
   <div class='ocr_carea' id='block_1_10' title="bbox 459 2700 949 2762">
    <p class='ocr_par' dir='ltr' id='par_1_10' title="bbox 459 2700 949 2762">
     <span class='ocr_line' id='line_1_36' title="bbox 459 2700 949 2762; baseline -0.008 -9"><span class='ocrx_word' id='word_1_323' title='bbox 459 2700 510 2753; x_wconf 78' lang='lat' dir='ltr'>Aa</span> <span class='ocrx_word' id='word_1_324' title='bbox 843 2704 868 2761; x_wconf 63' lang='lat' dir='ltr'>s,</span> <span class='ocrx_word' id='word_1_325' title='bbox 892 2711 949 2762; x_wconf 69' lang='lat' dir='ltr'>itm</span> 
     </span>
    </p>
   </div>
   <div class='ocr_carea' id='block_1_11' title="bbox 0 0 1154 3134">
    <p class='ocr_par' dir='ltr' id='par_1_11' title="bbox 0 0 1154 3134">
     <span class='ocr_line' id='line_1_37' title="bbox 0 0 1154 3134; baseline 0 6"><span class='ocrx_word' id='word_1_326' title='bbox 0 0 1154 3134; x_wconf 95' lang='lat' dir='ltr'> </span> 
     </span>
    </p>
   </div>
  </div>
 </body>
</html>
