2297 3134
148 188 207 255 '330
381 253 383 257 .
486 181 569 242 beust.
589 180 700 242 XXV.
716 187 744 255 92

149 299 198 343 eina
207 287 304 357 personet
311 304 350 357 per
359 304 426 345 totam
439 302 518 341 terrain
534 295 629 355 apiriam.
674 292 815 344 Mandatum
829 293 878 344 hoc
893 292 1014 359 pluraliter
1029 293 1063 344 es-

151 359 236 410 fertur.
272 358 300 409 td
314 374 378 416 veru,
392 356 457 423 quod
468 358 491 406 in
504 357 662 408 antecedente
674 357 830 423 singulariter,
846 368 872 409 ut
881 360 927 422 jana
939 359 1006 426 supra
1017 376 1063 410 aau-

152 433 239 476 tatum.
274 423 304 480 Et
316 425 369 489 quia
384 422 482 473 additur
485 436 526 486 per
538 435 605 473 torano
617 436 698 472 terena
712 428 816 485 vestram,
841 424 902 475 clare
918 426 974 476 hinc
993 425 1063 476 colli-

174 490 265 548 endum
274 490 321 546 est,
335 503 385 541 nun
398 503 447 542 uno
458 489 484 538 in
496 487 567 546 loco,
583 488 650 550 velut
662 487 843 547 Tabernaculm
860 488 972 556 Temple,
989 491 1063 542 Curia
1095 492 1096 495 ’

152 506 283 612 {acclinem
296 552 341 604 elle
350 551 484 612 inflandam,
497 553 535 604 sed
550 552 638 620 possim.
676 552 769 605 Omnes
781 557 856 605 teneri
870 556 898 606 ad
911 556 976 606 launo
987 556 1062 607 Clan-

152 637 248 689 gorem.
283 618 389 683 Magnus
407 620 486 684 itaque
498 618 614 684 Strepitus
628 635 672 684 per
686 619 780 671 Cauaan
796 620 914 672 edebatur.
951 620 1061 683 Quando

150 697 234 743 autem
247 683 323 751 judaei
338 698 426 734 novem
443 685 505 735 vices
520 687 532 744 s
544 687 611 748 juxta
625 689 729 735 Marianon.
741 686 766 734 de
777 704 831 734 anno
845 688 930 749 pantaleo
948 686 975 737 C.
989 687 1005 737 l.
1024 701 1059 737 ιο.

149 765 206 823 attin
224 769 298 818 aalma
318 770 392 829 Plistln
411 766 483 813 rrnvies
503 766 592 811 Ruscino
604 762 725 826 clartgunt)
742 771 881 819 numerant,
900 779 947 828 ego
965 763 1061 814 nunteri

150 839 271 891 rationem
286 842 383 903 ignoro.
421 835 474 891 Lex
486 835 560 887 dehis
570 835 627 886 filet.
686 849 688 852 ·

216 936 238 996 ἕ.
260 949 312 998 ςις,
327 934 443 1052 Allipatus
455 942 505 987 erat
520 932 559 984 hic
572 932 683 999 Clangor
697 933 725 983 ad
740 941 825 985 terrum
837 933 929 986 Canaan
939 947 979 998 per
993 946 1062 984 totam

148 1015 231 1054 terrain
243 1005 337 1066 vestram
399 1000 565 1050 onstitutiones
579 996 645 1065 Juris
658 996 751 1064 Judaici
764 999 843 1067 quoad
856 999 909 1051 loca
926 1000 1060 1051 admodum

148 1069 248 1126 uariant,
292 1066 350 1118 Aliae
361 1065 390 1117 ad
405 1063 566 1115 [tardissimum
581 1080 589 1125 3
610 1063 648 1114 Ad
662 1063 765 1114 landum
780 1066 829 1115 aliae
842 1082 848 1126 3
868 1064 954 1115 Rursus
966 1065 1016 1116 aliae
1030 1065 1060 1115 ad

146 1135 252 1193 atrium,
267 1129 472 1197 Hierosolymam,
489 1129 567 1186 castra,
583 1139 669 1179 terram
682 1128 776 1179 Canaan
792 1130 902 1180 adstristae
917 1130 983 1192 sunt;
1002 1130 1061 1182 Aliae

149 1199 265 1250 obtinent
276 1198 361 1263 quovis
373 1198 397 1246 in
412 1196 475 1246 loco.
522 1192 630 1258 Clangor
642 1192 767 1249 Buccinae,
785 1195 877 1258 de'quo
892 1195 930 1244 laic
948 1198 1058 1259 agimus,

149 1263 259 1315 edendus
272 1278 314 1328 per
324 1271 397 1316 totam
409 1270 493 1312 terram
507 1258 616 1316 Cenaeo,
633 1259 697 1308 urade
706 1259 810 1324 sequitur
822 1259 983 1310 tertaCanaan
997 1276 1062 1310 nona

148 1330 209 1387 duna
221 1335 358 1393 occupata,
378 1342 442 1378 anno
463 1326 630 1390 occupationis
645 1322 738 1375 XLIX.
760 1324 869 1375 nmmum
887 1324 979 1388 elapso,
1000 1341 1059 1392 prae-

147 1396 213 1459 cepti
224 1393 295 1456 huius
306 1392 400 1443 nullum
416 1389 483 1442 fuisse
496 1389 570 1441 usum.
620 1388 724 1440 Nullum
737 1405 834 1455 quoque
850 1387 894 1440 else
908 1388 996 1455 Judaeis
1017 1406 1059 1443 ex-

148 1458 229 1526 pulsis.
265 1456 393 1523 lnterJura
408 1454 500 1523 Jubilaei
510 1455 681 1507 numerabatur
698 1470 813 1521 agrorum
826 1456 946 1520 restitutio.
1001 1454 1059 1508 Haec

148 1540 209 1576 aero
222 1522 294 1578 cellar
306 1533 367 1574 terra
384 1527 433 1572 nnn
444 1530 565 1587 occupata.

215 1631 237 1693 §.
253 1639 306 1691 526.
322 1630 458 1690 Memorato
471 1630 509 1681 die
525 1629 706 1682 sanstisicandus
725 1629 811 1681 dicitur
825 1629 937 1682 annusL.
973 1632 1059 1691 arsia-

145 1697 356 1762 paternianum
371 1697 564 1762 quinquagefimuan.
615 1696 643 1746 ln
656 1704 724 1745 textu
736 1695 848 1760 'originali
865 1695 1008 1748 hebraismus
1025 1698 1058 1748 est

147 1764 246 1817 auribus
257 1761 342 1812 nostris
355 1761 467 1823 ingratus¹
503 1765 579 1810 Annus
589 1760 768 1824 pariaquagefinnu
782 1779 853 1811 attilus.
883 1760 965 1812 Statim
977 1778 1058 1812 recur-

148 1830 179 1885 rit
191 1843 212 1877 v.
229 1841 264 1876 ΙΙ.
283 1824 413 1884 confimilis
424 1825 484 1877 Gen.
499 1825 549 1875 Vll.
569 1841 604 1873 ΙΙ.
623 1832 647 1874 ln
658 1824 861 1886 arzrrosexcentefiuro
873 1845 933 1876 arrato.
965 1826 1058 1890 Vulga-

146 1902 185 1948 tus
199 1908 255 1942 cum
269 1891 318 1941 aliis
333 1891 395 1941 reste
406 1889 537 1941 Hebraismi
550 1890 641 1941 nullam
657 1889 727 1939 babet
743 1893 867 1941 rationem.
903 1894 985 1942 annus
999 1894 1058 1943 dici-

146 1968 185 2009 tur
194 1957 355 2021 *perdamnatus
367 1954 403 2005 vel
416 1955 582 2006 discernendus
602 1954 767 2011 acorarmuni,
782 1964 809 2006 ut
823 1956 876 2005 Deo
889 1955 916 2006 sit
931 1957 999 2007 sacer.
1014 1955 1055 2023 Ju-

145 2039 170 2074 ra
187 2024 267 2073 divina
280 2020 412 2086 praescripta
429 2030 481 2074 tum
496 2021 630 2086 praestanda.
682 2019 769 2085 Neque
783 2022 846 2071 enim
859 2019 945 2087 Judaeis
963 2023 1057 2074 licitum

145 2097 195 2139 erat
205 2102 271 2143 anno
282 2089 330 2137 hoc
340 2085 537 2152 quinquagesimo
553 2088 648 2142 virere,
665 2094 693 2135 ut
702 2084 751 2135 aliis
761 2088 784 2135 in
799 2091 968 2139 communibus
981 2090 1055 2138 antris.

145 2153 254 2214 Quando
277 2162 424 2221 praeceptum
435 2152 588 2216 seanmffieobiris
606 2149 729 2216 pluraliter
750 2150 862 2209 effertur,
882 2153 942 2202 teste
962 2153 1058 2217 colligi-

144 2234 198 2268 mus
213 2218 292 2283 plures
304 2215 333 2267 ad
346 2215 533 2274 sanstilicundum
550 2218 646 2273 teneri,
665 2230 802 2280 quanquam
824 2215 907 2274 tereste
924 2218 992 2267 etiam
1012 2234 1058 2283 po-

145 2282 278 2340 stulaverit,
297 2290 324 2332 ut
336 2280 489 2395 Magistratus
515 2281 686 2332 solenniter&
711 2283 790 2344 primo
813 2280 861 2332 aliis
892 2282 1057 2335 sanditlcando

144 2349 245 2414 praeiret.
272 2346 379 2401 Commo
399 2347 501 2411 citaque
513 2346 645 2396 observavit
660 2343 772 2395 Rascltius
783 2344 811 2395 ad
824 2345 846 2395 h.
858 2346 872 2395 l.
885 2346 1058 2399 sanslilicabant
1081 2353 1087 2357 ”

138 2411 236 2475 'antrum
251 2418 475 2489 quinquagesimum
488 2421 511 2469 in
523 2419 598 2468 domo
608 2417 697 2482 judicii
710 2417 734 2466 de
749 2418 859 2470 dicebant
873 2431 941 2473 nultra
955 2431 1057 2489 nbarpta

142 2504 211 2535 auram
223 2486 404 2550 plsarrbpscatus.
449 2485 594 2536 Communis
610 2497 668 2532 vero
685 2481 833 2534 sanililicatio
846 2486 936 2548 jubilaei
950 2487 1007 2538 lassa
1024 2488 1057 2537 ell

141 2549 308 2616 precationes
324 2560 390 2605 coetu
410 2551 438 2606 ad
455 2550 534 2606 Deum
555 2547 625 2608 fusa,
649 2545 787 2612 respiciente
803 2549 965 2606 solennitatem
984 2554 1054 2603 hanc.

141 2615 258 2673 Mmtsreus
278 2615 334 2680 Recsq
344 2621 366 2663 iu
380 2620 441 2678 simpl.
460 2618 484 2665 de
496 2633 550 2664 aaron
565 2614 653 2677 anileo
670 2631 695 2663 et
716 2619 819 2664 tlsairnou.
840 2616 963 2682 publicatis
978 2634 999 2683 p.
1014 2632 1054 2679 43.

140 2690 209 2735 notat
221 2680 318 2733 eaodem
336 2679 406 2735 dirtos
429 2681 494 2740 luisse
510 2694 593 2750 preces
610 2678 634 2728 ln
646 2675 778 2754 jubilaeis„
789 2697 843 2746 quae,
857 2683 882 2737 ln
899 2698 1054 2806 raouopalpno.

1007 2765 1055 2813 ego
