2297 3134
472 108 555 168 Leoii.
567 104 663 168 XVI.
676 116 719 175 18·
808 131 809 138 ¹
992 130 1046 184 231

145 256 147 262 ,
203 216 224 276 ὅ,
240 230 292 278 aut.
311 215 345 270 Etr
358 227 439 272 mente
451 220 522 286 primi
535 218 648 271 Doiioris
660 213 774 268 Pontifex
785 218 870 282 priori,
888 234 939 286 quo
952 219 1046 288 stingui.

140 299 195 334 nem
208 284 284 336 versus
300 285 380 336 velum
393 283 530 350 spargebat,
544 284 601 335 loco
616 282 699 333 relido
717 281 788 332 astare
807 285 933 343 circuibat,
947 289 1045 339 accede.

142 349 229 415 batque
241 349 269 400 ad
280 366 357 402 cornu
368 348 486 401 orientale
495 346 679 413 septentrionale
696 347 710 407 s
717 347 819 398 duaronr
827 357 905 399 autem
919 349 1045 416 plagarum

134 415 311 474 meminerunt,
337 432 389 480 qrro
404 416 429 464 in
443 413 500 463 loco
512 414 693 463 determinando
709 414 821 463 certiores
833 412 898 474 bnt)
915 416 984 480 quod
995 416 1045 468 san-

140 478 202 530 iium
218 481 359 546 ingredienti
377 479 406 530 ad
421 479 481 528 latus
500 478 610 528 dextrum
627 490 677 528 erat
691 494 696 527 :
715 477 780 528 Tum
800 478 834 528 isli
846 478 985 543 sanguinent
999 483 1043 532 im.

140 559 244 622 ponebat
263 546 333 608 iiim&
353 553 457 608 nbonbn
479 557 565 616 apa-re
577 556 650 602 alara-is
662 556 767 618 superiori
783 553 853 612 uerfirs
864 555 987 617 inferiorern
1000 553 1045 606 du-

139 622 229 679 cendo,
248 639 277 671 ne
295 619 437 685 stopposrta
448 619 519 667 ritum
537 618 600 668 bunc
613 618 738 682 perficeret
756 620 852 686 ratione
860 618 955 684 sanguis
970 618 1045 670 desiu-

139 703 180 744 ens
190 703 286 737 manum
296 686 421 747 vestaeque
437 684 614 733 contaminaret.
657 681 740 734 Postea
754 684 802 734 ibat
813 682 842 733 ad
855 697 934 734 cornu
951 682 1046 748 septen-

139 752 239 801 trionale
254 749 425 804 occidentale,
446 747 511 812 qnod
527 747 555 798 ad
574 747 683 798 dextram
699 749 748 811 ejus
760 747 830 798 situm
847 746 939 812 (cujus
949 750 986 799 uti
997 749 1046 811 jam

140 816 228 865 diitum
241 817 264 863 iu
279 811 443 862 i'untiionibus
457 811 523 863 sacris
537 813 595 862 ratio
610 812 762 874 habebatur)
785 822 855 877 atque
870 815 978 864 eundem
995 814 1046 864 san·

138 880 236 943 guinem
257 876 402 990 isgsfflsffldi
421 877 493 928 ritant
516 877 659 929 obseruabat.
710 876 822 929 Similiter
836 879 860 928 in
873 879 972 930 duobus
989 878 1044 931 reli-

137 958 189 1007 ans
205 956 271 991 corni
292 957 323 990 us.

204 1048 224 1108 ἕ.
243 1057 295 1117 296.
314 1049 351 1101 Ab
365 1049 414 1101 boe
427 1060 506 1103 autern
525 1049 627 1102 dissentit
649 1049 678 1103 R.
695 1048 780 1104 Eiieser
795 1050 841 1112 (a)
860 1057 912 1106 tum
931 1051 986 1116 quia
999 1065 1044 1116 pu-

138 1123 171 1164 tat
181 1113 319 1165 Pontificem
337 1131 387 1165 uiro
399 1116 491 1181 semper
500 1119 523 1166 in
534 1117 591 1167 ioco
606 1116 699 1174 stetisse,
714 1132 764 1168 non
775 1133 831 1168 vero
844 1116 873 1167 ad
884 1116 976 1182 fingula
989 1131 1046 1167 cor·

138 1195 184 1230 naa
203 1178 265 1229 ivisse
280 1181 329 1242 (ti)
347 1191 400 1230 tom
416 1183 503 1238 etiam,
517 1183 573 1245 quia
588 1182 666 1232 statuit
683 1184 796 1232 cornibus
810 1183 982 1232 remotioribus
994 1180 1043 1231 san-

138 1247 236 1312 guinem
255 1243 267 1293 b
283 1258 348 1311 parte
364 1246 440 1296 aitaris
452 1246 561 1296 inferiore
571 1246 649 1297 versus
665 1247 810 1311 superiorem
824 1245 949 1297 indubium
966 1245 1040 1297 fuiffe.

137 1310 183 1360 Sed
201 1308 275 1375 judaei
293 1309 370 1360 soient
384 1313 464 1374 potine
479 1309 608 1361 secundum
632 1314 738 1375 primum
753 1311 874 1362 dodorem
894 1312 1042 1376 pronuncia-

137 1390 184 1430 re,
208 1374 415 1439 quemadmodum
435 1374 597 1426 Maimonides
623 1377 649 1426 ὃς
673 1374 801 1427 Bartenora
822 1377 846 1425 in
862 1374 951 1427 Glossrs
966 1390 1044 1427 anno·

136 1449 222 1489 tarunt.

203 1536 224 1594 §.
242 1549 294 1598 297.
311 1533 379 1586 Idem
393 1543 472 1586 tamen
485 1534 656 1595 Maimonides,
668 1537 709 1603 qui
723 1538 745 1587 in
760 1535 943 1588 Commentario
955 1534 1046 1588 Misch·

136 1617 172 1652 naa
187 1599 359 1666 expressam,
381 1600 526 1652 decisionem
538 1605 594 1666 juris
607 1604 672 1653 harad
693 1602 739 1652 esse
749 1604 816 1667 Juxta
830 1601 858 1653 R.
875 1602 980 1653 Elieseris
995 1602 1046 1652 sen-

136 1670 234 1718 tentiam
253 1668 276 1716 iu
293 1665 407 1731 praciam
428 1682 522 1729 opere.
541 1669 608 1734 quod
628 1678 692 1736 tapeti
711 1680 735 1718 'tt
757 1667 871 1733 appellat,
891 1668 955 1718 hanc
971 1666 1046 1719 solam

73 1782 75 1786 a
137 1746 229 1813 profert
243 1746 282 1797 Tr.
304 1755 421 1798 mauram
439 1757 488 1798 :aa
509 1757 581 1800 onir
594 1750 645 1803 Cu>-
657 1750 690 1790 1V·
711 1744 789 1813 aonbu
809 1758 855 1816 ran
877 1758 923 1799 um
943 1745 994 1812 aba:
1013 1740 1046 1807 ta

136 1834 183 1893 tnta
208 1828 272 1875 rainu
294 1809 355 1875 urob
376 1833 459 1875 nnana
483 1833 590 1875 aaronem
613 1834 639 1890 m
662 1834 703 1892 pn
722 1823 799 1879 <rege
822 1808 921 1887 rbem)
948 1816 1043 1888 pomo

135 1895 184 1950 aba
203 1889 302 1949 tababm
326 1899 384 1946 utu
404 1907 443 1946 rua
464 1882 525 1957 roob
543 1880 636 1960 rbpubu
659 1899 783 1957 trigarium
804 1893 878 1949 itiam,
897 1901 1043 1956 queram-ai-

131 1965 173 2012 'bna
186 1964 284 2018 indebat,
303 1961 329 2008 ab
340 1962 399 2022 irisan
412 1961 440 2008 ad
447 1961 513 2023 suptar
531 1962 596 2023 dgito
611 1959 717 2006 ducebat:
739 1960 817 2008 Ultimo
830 1957 935 2016 tertiae,
948 1977 992 2021 qim
1003 1980 1042 2009 aa.

136 2042 156 2077 τε
162 2029 185 2090 fe
191 2029 250 2091 fusio
261 2030 302 2089 di,
318 2037 414 2087 excepta,
432 2042 494 2088 qtarm
505 2027 518 2071 ri
524 2025 628 2087 simeriori
647 2024 676 2071 nd
686 2026 805 2084 inferiorem
819 2023 931 2072 dedecebat
942 2037 1041 2088 portem,

135 2113 160 2144 aa
171 2098 229 2159 nasici
241 2097 408 2155 inquinarentur.
451 2089 518 2140 ldent
533 2087 604 2139 tradit
621 2088 745 2137 attritam!
761 2093 871 2138 Commeat⁴
884 2093 907 2137 in
920 2094 967 2153 Leg.
981 2091 995 2139 l.
1006 2096 1040 2141 cit.

199 2210 220 2261 e.
235 2211 287 2261 298·
306 2203 452 2252 Libertatem
469 2198 578 2264 relinquo
590 2199 712 2265 baeoqttae
723 2195 798 2263 Juaaet
813 2195 901 2247 babent
913 2232 920 2253 ‚
934 2194 971 2244 vel
989 2210 1044 2261 pro.

136 2269 207 2321 bandi
217 2268 254 2318 vei
269 2265 398 2331 rejiciendi.
426 2259 468 2316 Me
480 2266 546 2331 quod
558 2266 655 2321 attinet,
669 2280 719 2314 non
730 2263 812 2319 video,
825 2259 967 2328 quaestion
982 2277 1042 2311 con-

134 2336 249 2385 trarietur.
300 2332 379 2397 Leges
389 2329 499 2381 Mosaicae
513 2329 612 2380 conoifis
629 2330 707 2378 verbis
719 2328 833 2393 prolatae,
849 2326 948 2391 quando
962 2326 1043 2390 postea

136 2396 285 2449 observandae
303 2407 387 2451 erant,
411 2395 549 2460 indigebant
563 2395 695 2456 specialiori
715 2392 914 2442 determinatione
930 2392 963 2440 ob
982 2396 1042 2436 ivra-

135 2465 181 2524 ξιάν
199 2464 222 2514 &
244 2461 272 2512 ad
285 2462 409 2512 materiam
426 2462 611 2511 contentionum
625 2456 836 2524 praescindendum.
867 2456 962 2512 Miror,
979 2455 1043 2505 unde

135 2529 210 2581 versio
224 2528 319 2579 Arabica
331 2527 418 2577 habeat
432 2541 452 2574 v.
471 2533 505 2581 t8.
523 2527 638 2590 accipiendo
650 2525 675 2572 de
683 2523 785 2586 sauguine
798 2523 861 2570 uiridi
877 2520 908 2580 ἐξ
922 2523 947 2569 de
957 2520 1045 2583 stingui-

135 2613 160 2645 ne
173 2594 295 2657 traditioni
304 2593 391 2658 jorata.
437 2589 559 2644 Convenit
576 2606 632 2644 cum
643 2587 741 2654 -speciaii
755 2586 885 2651 ragusiae,
909 2585 1041 2708 {gaqum}
