2297 3134
424 188 507 245 [ruit.
520 186 597 246 XVI.
610 206 650 247 ro.
891 252 892 255 ,
953 204 1005 263 raa

30 320 32 323 ’
98 310 206 364 ordinem
222 344 228 364 ‚
247 312 274 357 ut
292 301 371 368 primo
388 295 550 362 expositiones
565 298 645 348 minos
657 293 810 362 probabiies,
824 294 879 347 dein
892 296 1006 364 probant

93 378 181 428 siorem
195 369 360 439 propositurus
375 364 425 415 srnr.

161 491 182 547 ς.
205 499 255 547 134.
279 481 358 533 Prima
373 478 405 529 est
422 475 537 533 illorum,
556 474 597 540 qui
612 489 698 525 vocem
714 454 876 542 compostum
892 474 959 539 aiunt
974 492 1006 529 ex

96 577 120 624 ap
133 568 155 608 tr
165 551 211 617 &rte
225 577 283 627 erpo·
293 561 344 609 abitt
353 555 390 607 vei
402 557 425 604 in
441 553 566 622 participio
580 565 642 615 caper
652 553 721 602 abiens
730 574 736 600 :
746 551 833 604 Notari
847 552 957 619 adeoque
969 555 1006 619 ip„

96 636 146 686 som
166 632 233 681 ilium
253 628 345 677 hircum
361 624 385 671 in
399 621 517 669 desertum
533 619 613 668 vivum
629 617 797 669 emittendum.
849 617 893 670 His
906 620 1005 670 rationi=

97 702 140 751 bus
153 708 169 746 rt
183 693 250 761 quod
268 704 317 740 vox
330 683 462 749 composita
475 682 593 748 snnplices
608 681 658 731 ilias
671 683 742 748 piene
754 683 883 739 exhibeat,
908 692 923 734 a
937 683 1005 750 quod

96 765 188 829 insuper
201 755 343 822 significatus
357 752 401 799 rire
416 749 523 814 quadret.
565 745 716 805 Enrissarius‚
732 752 788 814 quia
804 750 853 799 abit
866 748 891 798 in
909 748 1005 800 liberta„

95 841 163 883 tem,
182 824 210 874 ab
224 817 335 872 abeundo
354 815 441 865 merito
459 814 604 864 nominatur.
638 822 648 871 ,i
670 812 748 876 Quod
762 815 868 879 denique
883 813 935 865 haec
953 814 1005 866 sen„

94 894 166 944 tentia
182 901 265 951 graves
282 881 398 932 Patronus
415 878 508 943 habeat.
558 877 618 929 Inde
633 880 699 928 euim
716 879 729 930 ir
744 879 883 930 Senioribus
898 881 1002 940 durzaop.

94 961 199 1012 nasama
220 955 357 1009 Misrhnicis
376 952 490 1007 manituti
510 963 571 1015 ausit}
593 951 663 1003 hircus
674 953 804 1018 emiffiniur,
823 954 852 1005 ab
870 954 920 1006 aliis
936 952 1004 1005 fimffi

93 1029 196 1080 dictione
211 1021 349 1088 appellatur.
410 1042 412 1044 v

156 1135 176 1194 ς.
196 1147 247 1195 135.
267 1129 335 1183 Nihil
348 1127 421 1179 assatae
441 1126 580 1179 ratiuntuiae
594 1128 702 1194 probant
720 1145 728 1180 :
758 1128 886 1181 Graviores
899 1130 999 1183 obstant

25 1241 27 1244 ·
91 1212 153 1264 Nam
166 1212 222 1261 licet
235 1221 258 1274 tu
272 1209 293 1249 &
307 1207 351 1259 'ortt
370 1208 394 1256 in
414 1220 475 1255 voce
489 1207 580 1262 Ardae!
593 1209 766 1272 reperiantur,
788 1208 901 1259 nondum
918 1218 1001 1259 tamen

91 1279 195 1342 sequitur
208 1275 285 1325 notari
299 1286 384 1335 caprum
396 1270 519 1327 abeuntem,
537 1269 616 1321 multo
633 1273 712 1321 minus
727 1288 819 1323 nomen
832 1272 880 1323 effe
896 1273 957 1324 hirci
975 1275 1000 1324 1¹11

91 1340 208 1393 desertum
224 1338 370 1393 emittendi,
397 1340 452 1400 quia
467 1350 539 1385 voces
559 1347 738 1401 componentes
754 1337 851 1403 insuper
866 1338 936 1389 aliam
952 1355 998 1390 no-

91 1410 182 1459 tionem
200 1405 285 1454 habere
298 1400 393 1466 possunt
409 1437 415 1456 ‚
434 1415 505 1464 quam
522 1400 653 1465 profert&
673 1403 775 1465 probare
797 1412 900 1453 conatur
914 1403 1000 1455 Erudi.

90 1469 187 1523 tissimus
199 1475 326 1532 spencerus,
337 1466 404 1528 form
418 1462 537 1514 Diabolus
555 1463 601 1514 scil.
619 1466 694 1514 abiens.
729 1465 828 1518 Summe
845 1468 1001 1522 necessarium

24 1569 25 1572 =
89 1538 168 1600 itaque
181 1534 214 1584 est
230 1533 258 1584 ad
271 1532 333 1581 hanc
344 1539 385 1580 aut
402 1528 467 1579 issam
482 1528 519 1578 vei
537 1528 816 1595 aliamsrgnificationem
834 1533 999 1585 stabiliendam

90 1601 224 1654 efferto,
243 1598 341 1661 ejusque
357 1594 412 1644 serie
428 1596 596 1656 argumentari.
621 1645 622 1648 ,
649 1593 714 1645 Dein
727 1598 804 1661 probe
816 1598 951 1649 notandum
966 1599 1001 1650 est

89 1666 182 1716 hircum
195 1661 335 1713 emissarium
350 1659 487 1709 constanter
501 1669 576 1710 otuu,
590 1673 715 1726 nunquam
732 1670 756 1719 tv
770 1664 858 1720 vocari,
870 1664 944 1729 idque
955 1667 998 1715 mi-

90 1733 182 1779 nimum
195 1728 279 1778 decem
295 1726 386 1775 vitibus
402 1740 407 1774 z
427 1723 480 1775 lmo
500 1719 586 1788 nun-t
601 1735 625 1789 ry
644 1726 768 1776 evidentes
780 1727 901 1793 distmgup
922 1745 943 1779 v·
962 1729 999 1781 su,

89 1810 130 1860 pra
145 1810 166 1843 v.
184 1806 202 1854 5.
257 1791 356 1852 Quare,
370 1791 426 1853 quia
441 1788 489 1838 hoc
502 1790 602 1839 nomine
619 1805 671 1841 non
683 1794 775 1842 tantum
792 1793 816 1841 in
835 1792 879 1844 hae
894 1792 999 1847 Historia

89 1874 212 1923 nunquam
225 1858 303 1913 venit,
321 1853 358 1904 sed
372 1856 396 1904 dt
409 1855 438 1904 ab
451 1870 481 1903 eo
497 1854 671 1919 distinguitur,
690 1870 740 1906 uon
759 1857 831 1908 video
847 1874 894 1923 qua
904 1861 999 1911 ratione

88 1925 171 1978 Arraei
180 1922 227 1971 dici
243 1929 320 1985 queat.
356 1918 455 1984 insuper
469 1919 613 1969 construdiio
627 1922 716 1970 intuto
730 1924 808 1986 capite
822 1924 884 1979 vult,
902 1935 930 1974 ut
948 1925 998 1975 hir.

88 2003 144 2039 eum
161 1988 190 2037 ab
203 1984 303 2036 Azazese
314 1983 448 2033 distintiom
463 1983 582 2039 dicamur,
601 1984 643 2033 nifi
656 1984 814 2049 Tautoiogias
826 1989 931 2046 auribus,
944 1991 996 2040 imo

87 2051 162 2102 sensui
177 2049 334 2114 injucundas,
353 2047 521 2098 incommodas
536 2048 636 2099 statuere
657 2049 773 2108 velimus,
797 2052 870 2103 veluti
888 2070 908 2103 v.
925 2062 945 2110 8.
965 2055 996 2114 ἓξ

87 2127 239 2179 dabitAsrnrorr
257 2140 308 2190 uper
320 2127 370 2174 dnos
384 2126 427 2174 illos
438 2124 505 2173 hircos
517 2126 601 2185 findet:
619 2130 701 2176 Sortem
714 2145 777 2178 uuum
793 2135 848 2192 PRO
864 2135 996 2193 Jauor‘re

87 2213 167 2258 Sortem
179 2205 266 2253 alterurn
279 2185 371 2253 “trudb-
399 2199 462 2251 Nam
474 2199 521 2251 slve
533 2210 608 2252 vertas
617 2207 640 2252 in
648 2206 770 2262 ‹sarraesenr²
782 2204 831 2256 hoc
843 2207 877 2258 est
889 2246 895 2266 ,
910 2210 935 2259 in
949 2210 996 2261 hir.
1049 2256 1052 2259 ,

87 2272 179 2329 cumin
197 2269 315 2319 desertum
330 2264 553 2322 emittendumfive
564 2281 605 2331 pro
622 2271 733 2327 Ararele,
754 2271 792 2320 seu
807 2271 892 2331 hirco,
911 2277 996 2326 incon-

87 2338 157 2388 cinna
170 2335 214 2384 erit
230 2332 312 2383 versio.
364 2330 428 2382 Nanr
441 2329 514 2381 sortes
532 2341 599 2383 erant
616 2334 771 2398 projiciendae
788 2353 844 2388 eum
863 2340 887 2388 in
906 2337 993 2399 finem,

88 2411 129 2457 ut,
146 2398 213 2464 quod
229 2400 529 2462 unicuiqueeventurum,
546 2397 751 2451 determinaretur.
803 2401 857 2468 jam
874 2404 933 2469 quid
953 2401 1003 2458 fibi

86 2467 134 2517 sors
151 2470 173 2512 in
184 2464 297 2514 Arnaelern
311 2462 357 2512 sue
365 2476 407 2525 pro
417 2463 532 2514 Ararrle?
550 2462 642 2515 Natura
654 2466 817 2531 oppositionis
832 2472 913 2533 potius
929 2471 993 2530 vult,

86 2550 113 2591 ut
124 2537 329 2605 quemadmodum
340 2540 407 2603 prior
426 2534 493 2588 nunu
510 2546 616 2597 Dourion,
635 2542 667 2591 ita
681 2538 802 2607 'posterior
813 2547 903 2600 Aureli
917 2546 992 2599 cedat.

86 2603 178 2654 indicat
186 2605 209 2654 id
219 2602 313 2667 insuper
328 2602 482 2667 praepositum
497 2600 522 2656 5·
553 2612 649 2668 Neptu,
669 2609 748 2673 inquit
765 2608 885 2662 Celeberr.
908 2613 994 2673 Wrfius

88 2682 131 2727 Ore.
147 2678 197 2727 Fud.
221 2683 247 2730 L.
260 2680 296 2729 IV.
318 2681 338 2727 C.
354 2682 390 2730 IV.
408 2681 496 2731 videtur
514 2679 620 2733 lurcorum
635 2699 690 2732 unus
709 2685 800 2741 Aeetes
806 2683 863 2750 prffe
879 2686 937 2812 dieis,
955 2688 996 2748 nisi

721 2758 729 2773 “’
928 2764 995 2817 uppo.
