2297 3134
299 131 410 194 sileatis
426 131 605 208 Expialionuar
620 125 690 184 Diei.
925 132 977 194 353

69 247 149 299 verbis
163 261 213 298 non
229 246 375 312 exprimatur
390 259 411 293 v.
428 242 496 310 supra
515 244 536 300 §.
553 251 606 301 574.
641 234 697 286 Sine
713 231 788 282 dubio
803 230 897 306 theron
916 230 977 282 serie

69 313 233 380 perpendebat
244 312 354 361 instantes
363 307 510 362 inditiones,
524 305 598 370 seque
610 301 639 353 ad
651 316 689 350 eas
700 298 801 363 parabat¹
822 296 867 346 Cur
879 294 978 361 respon-

69 380 111 429 det
126 379 237 443 frequens
250 376 365 442 cogitatio
379 390 406 423 ac
418 372 487 422 etiam
505 368 618 421 discursus
632 362 755 417 Pontilicis
769 359 827 436 Jesu
841 359 926 433 Christi
944 361 976 411 de

68 444 208 494 instantibus
221 440 365 507 passionibus
378 453 405 488 ac
421 434 565 492 matresua,
583 432 687 483 mraxime
703 428 794 487 ultimis
807 440 857 486 equs
875 426 974 481 diebus,

69 509 193 574 inquibus
211 505 401 568 Hierosolymam
416 498 551 551 ascenderat
568 497 668 564 seipsum
684 494 795 546 titanibus
811 489 916 541 hostium
930 499 976 540 tra-

68 573 167 624 diturus.
202 570 324 632 Quaeritur

133 685 155 740 §.
174 688 225 739 580.
243 678 362 738 Quinto:
389 677 425 721 Au
443 671 492 732 arasa
512 671 573 731 hirjats
595 672 722 732 [clariritatis
736 668 828 727 puerariis
839 662 976 727 spedonia?

67 742 127 793 birsa
143 757 221 793 autem
238 752 286 791 erat
298 738 420 801 illegitima
435 738 552 802 appropio
573 738 637 785 natio
650 734 753 784 filiorum
770 730 904 785 Aharotais,
926 725 976 777 Na-

68 807 113 854 dab
129 806 254 860 &sibilia²
270 804 298 853 ad
313 804 404 852 cultum
417 800 461 851 slei
477 800 532 852 Lev,
552 801 554 804 ’
573 800 611 850 lll.
625 814 645 848 r.
662 799 729 863 Resp.
747 797 805 848 Non
823 793 924 844 videtur.
954 806 974 841 1.

67 869 167 920 Novum
184 869 246 919 Tell.
270 868 388 930 speciatim
404 864 507 930 Epistola
529 866 557 915 ad
576 863 690 915 Hebraeos
707 862 801 913 nullum
817 861 867 922 ejus
886 857 987 922 praebet*

67 934 190 984 indicium.
227 945 249 982 2,
267 931 320 982 Nee
337 931 404 981 uideo
415 940 657 995 congruum‘typum.
687 928 771 979 'Nimis
785 924 895 976 contium
909 921 975 972 vide-

67 1007 107 1048 tur
123 999 202 1048 dicere
217 996 302 1047 Nadab
323 998 347 1046 dt
363 994 441 1046 tibihn
456 994 616 1058 protoplastos
634 1005 760 1054 peccantes
779 990 818 1038 rel
837 997 917 1038 toturn
931 1002 974 1050 ge.

66 1077 112 1112 nus
125 1061 257 1111 humanum
270 1061 372 1125 peccatis
386 1059 521 1110 obnoxium
533 1060 564 1108 ita
577 1057 662 1114 llitiiie,
675 1065 702 1106 ut
714 1052 921 1122 quemadmodum
934 1052 974 1102 lex

66 1126 97 1175 tie
108 1128 245 1190 expiatione
264 1128 341 1191 typica
355 1125 399 1174 lata
420 1124 451 1173 eli
471 1122 523 1172 liliis
536 1122 653 1176 Aharonis
667 1121 821 1186 peccantibus
836 1133 842 1179 3
858 1117 898 1167 Sic
918 1131 974 1166 aera
1043 1154 1044 1157 ,

66 1193 172 1256 expiatio
190 1188 255 1255 jesus
271 1190 377 1241 Christus
391 1187 490 1238 consilio
508 1186 556 1238 Dei
575 1198 626 1237 tuni
639 1187 710 1237 suerit
733 1184 856 1239 ordinata,
874 1180 976 1246 quaudo

67 1255 209 1319 protoplalii
226 1263 394 1319 peccaverant,
412 1253 448 1302 vel
460 1264 585 1315 peecatum
596 1253 619 1300 ln
637 1251 755 1300 ntundnan
773 1251 908 1298 intrauerat.
927 1243 976 1295 Ta-

64 1319 99 1373 lia„
108 1321 187 1383 typica
202 1321 280 1369 nriuus
299 1318 353 1369 sunt
365 1327 469 1381 accepta,
480 1332 530 1381 quo
546 1318 619 1379 magis
630 1314 708 1365 solido
717 1322 799 1366 carent
809 1310 971 1361 fundamento

63 1398 91 1432 ar,
106 1381 240 1446 longissime
254 1384 327 1446 petita
344 1383 412 1440 sunt,
429 1383 588 1447 oriunturque
599 1378 611 1430 ὲ
623 1380 752 1430 luxurianti
764 1379 877 1444 ingenio,
904 1372 975 1442 quod

64 1447 145 1497 nullos
162 1447 232 1497 habet
247 1447 339 1497 limites.
374 1446 496 1508 Quaeritur

101 1569 103 1589 ²
129 1559 151 1613 ὅ.
170 1562 222 1614 581.
241 1553 315 1604 Sexto
327 1570 333 1602 ε
351 1558 387 1602 An
399 1554 455 1602 locris
465 1557 556 1601 interior
567 1554 581 1600 a
591 1553 650 1612 Mose
658 1553 768 1619 descriptus
778 1556 913 1604 intervalium
924 1574 976 1609 ver-

59 1619 96 1681 sus
103 1621 292 1683 propitiatorium,
309 1619 366 1681 quod
372 1619 442 1681 supra
455 1635 527 1666 arcana
540 1616 596 1667 Lev.
612 1616 680 1668 Xlll.
692 1631 713 1667 2.
732 1621 855 1685 ilsysteriunr
869 1626 976 1668 contiueat

63 1683 94 1741 scs
106 1685 233 1746 quadratam?
251 1681 319 1746 Resp.
349 1680 480 1732 Certillrme
493 1681 634 1746 lllysterium
648 1683 772 1738 continet,
790 1684 890 1735 testante
906 1685 973 1750 Apo·

62 1747 125 1797 stolo
138 1747 210 1797 Hebr.
226 1745 276 1798 lX.
289 1760 310 1807 7.
325 1754 348 1802 ,8.
365 1761 401 1798 11.
419 1759 454 1796 12.
468 1760 505 1807 aq.
525 1746 558 1797 X.
580 1761 614 1804 19.
632 1760 669 1796 ao.
691 1745 733 1797 lV.
755 1755 840 1807 1416.
861 1748 914 1799 Vll.
933 1757 972 1798 26.

62 1811 205 1877 Mysterium
219 1827 276 1873 vero
290 1811 322 1860 eli
336 1811 425 1860 coelunt
444 1811 562 1860 summum
582 1811 614 1858 ob
630 1820 725 1876 peccata
738 1812 816 1861 nostra
830 1850 836 1868 ‚
856 1815 973 1873 exigente

62 1877 147 1939 justitia
162 1876 186 1924 dc
201 1875 318 1924 sanditate
333 1875 446 1924 Numinis
465 1875 583 1930 clausurn,
603 1875 696 1923 nonnisi
712 1875 870 1939 aperiundum
892 1865 972 1927 morte

62 1940 198 2005 Sponsorisr
217 1939 272 1987 velo
282 1938 318 1987 seu
332 1954 401 1987 carne
414 1940 463 1996 eins
480 1951 557 2001 rupta,
575 1938 736 2004 sanguineque
751 1939 779 1988 ad
795 1942 974 1992 reconciliatio*

62 2019 118 2053 nean
136 2019 217 2053 coram
238 2002 314 2053 oculis
327 2002 394 2052 santii
409 2002 456 2053 Dei
471 2001 536 2065 spars
560 2019 568 2064 3
592 2005 670 2067 Atque
684 2005 714 2053 ita
731 2003 791 2053 liber
809 2016 874 2070 patet
888 2007 974 2056 introi-

62 2077 100 2118 tus
110 2069 139 2118 ad
151 2069 249 2129 gratiam
262 2067 382 2117 coelestem
392 2066 592 2131 consequendam.
619 2067 713 2118 Plenior
722 2068 821 2121 collatio
833 2069 974 2130 differetur,

62 2133 142 2184 donec
153 2131 257 2183 Tabellas
268 2134 477 2197 comparationum
491 2131 619 2183 dabuntur.
656 2133 778 2196 Quaeritur

91 2262 94 2265 ·
127 2247 150 2302 5.
171 2250 222 2301 58-2.
241 2244 366 2307 Septinroz
383 2243 515 2305 Quodnam
530 2241 673 2310 llystertum
685 2243 738 2296 insit
751 2246 857 2297 rationi:
876 2252 937 2295 Nalm
951 2252 973 2295 iu

61 2307 115 2379 nube
126 2308 227 2369 apparebo
235 2311 299 2370 fiper
313 2312 404 2372 operculo
417 2315 567 2372 propitiatorio
585 2308 756 2362 sentivit.
771 2311 780 2361 i
805 2310 873 2376 Resp.
893 2311 975 2362 Genea

13 2415 14 2418 ,
62 2379 130 2420 ratim
146 2372 218 2420 docet
234 2372 315 2423 Deum
330 2374 478 2439 gloriosum,
497 2375 640 2431 terribilem,
659 2374 821 2427 admirabilem
835 2414 840 2431 ‚
854 2376 972 2433 landum²

60 2434 152 2483 nullam
173 2434 258 2511 habere
277 2442 477 2490 communionem
489 2455 545 2491 cunr
565 2442 730 2505 peccatoribus
744 2453 810 2492 extra
829 2439 974 2491 Pontificem

61 2496 207 2574 Menam&
229 2515 278 2561 ejus
294 2502 439 2557 sacrifitium,
502 2505 577 2556 Aliter
602 2504 741 2557 accedentes
767 2506 859 2558 lurniue
882 2506 974 2556 coelesti

64 2563 178 2615 consului.
214 2564 336 2628 Quaeritur

881 2677 902 2739 t·
920 2685 974 2740 aaa·
